{"amount": 0.00207416, "date": 1675886415, "price": 119108.00000002, "tid": 14721735, "type": "buy"}
{"amount": 0.01001566, "date": 1675886500, "price": 119108, "tid": 14721736, "type": "sell"}
{"amount": 0.00025187, "date": 1675886557, "price": 119108.00000001, "tid": 14721737, "type": "buy"}
{"amount": 0.00414802, "date": 1675886624, "price": 119108.00000001, "tid": 14721738, "type": "buy"}
{"amount": 0.00155929, "date": 1675886625, "price": 119108, "tid": 14721739, "type": "sell"}
{"amount": 0.01168151, "date": 1675886784, "price": 119108, "tid": 14721740, "type": "sell"}
{"amount": 0.00083973, "date": 1675886784, "price": 119085.48, "tid": 14721741, "type": "sell"}
{"amount": 9.216e-05, "date": 1675886828, "price": 119107.70165559, "tid": 14721742, "type": "buy"}
{"amount": 0.00840365, "date": 1675886868, "price": 119107.70165559, "tid": 14721743, "type": "buy"}
{"amount": 0.00034512, "date": 1675886937, "price": 119018.24658294, "tid": 14721744, "type": "sell"}
{"amount": 0.0039, "date": 1675887010, "price": 119035.01747673, "tid": 14721745, "type": "sell"}
{"amount": 0.0084, "date": 1675887010, "price": 119000.00000001, "tid": 14721746, "type": "sell"}
{"amount": 0.0122, "date": 1675887010, "price": 119000.00000001, "tid": 14721747, "type": "sell"}
{"amount": 0.01280593, "date": 1675887010, "price": 119000, "tid": 14721748, "type": "sell"}
{"amount": 0.001, "date": 1675887010, "price": 118904.09, "tid": 14721749, "type": "sell"}
{"amount": 2e-05, "date": 1675887010, "price": 118904, "tid": 14721750, "type": "sell"}
{"amount": 0.00841021, "date": 1675887010, "price": 118903.02, "tid": 14721751, "type": "sell"}
{"amount": 0.00115274, "date": 1675887010, "price": 118900, "tid": 14721752, "type": "sell"}
{"amount": 0.00478629, "date": 1675887010, "price": 118900, "tid": 14721753, "type": "sell"}
{"amount": 0.14592483, "date": 1675887010, "price": 118811.30091, "tid": 14721754, "type": "sell"}
{"amount": 0.00099815, "date": 1675887034, "price": 119031.46037584, "tid": 14721755, "type": "buy"}
{"amount": 0.00207967, "date": 1675887064, "price": 119020.72641, "tid": 14721756, "type": "buy"}
{"amount": 0.00118914, "date": 1675887069, "price": 118951.93811539, "tid": 14721757, "type": "sell"}
{"amount": 0.00147157, "date": 1675887162, "price": 118920.60506865, "tid": 14721758, "type": "buy"}
{"amount": 9.648e-05, "date": 1675887189, "price": 118976.11177375, "tid": 14721759, "type": "buy"}
{"amount": 0.0042, "date": 1675887194, "price": 118976.1117737, "tid": 14721760, "type": "buy"}
{"amount": 2.52e-06, "date": 1675887194, "price": 118976.11177371, "tid": 14721761, "type": "buy"}
{"amount": 0.00084033, "date": 1675887225, "price": 118999.68508125, "tid": 14721762, "type": "buy"}
{"amount": 0.00255967, "date": 1675887235, "price": 118999.68508125, "tid": 14721763, "type": "buy"}
{"amount": 0.01679, "date": 1675887235, "price": 119030.65314578, "tid": 14721764, "type": "buy"}
{"amount": 0.01754, "date": 1675887235, "price": 119030.66216416, "tid": 14721765, "type": "buy"}
{"amount": 0.04431356, "date": 1675887235, "price": 119030.76643, "tid": 14721766, "type": "buy"}
{"amount": 0.004, "date": 1675887239, "price": 118917.01843287, "tid": 14721767, "type": "sell"}
{"amount": 0.004, "date": 1675887239, "price": 118916.48654827, "tid": 14721768, "type": "sell"}
{"amount": 0.0077, "date": 1675887239, "price": 118899.77704547, "tid": 14721769, "type": "sell"}
{"amount": 0.00618825, "date": 1675887239, "price": 118899.76721144, "tid": 14721770, "type": "sell"}
{"amount": 0.00166731, "date": 1675887240, "price": 118915.96913968, "tid": 14721771, "type": "sell"}
{"amount": 0.00102146, "date": 1675887264, "price": 118925.93192002, "tid": 14721772, "type": "buy"}
{"amount": 0.0024372, "date": 1675887284, "price": 118923.05360579, "tid": 14721773, "type": "buy"}
{"amount": 0.0043, "date": 1675887307, "price": 118961.7340949, "tid": 14721774, "type": "buy"}
{"amount": 0.0079, "date": 1675887307, "price": 118982.99999999, "tid": 14721775, "type": "buy"}
{"amount": 0.0137, "date": 1675887307, "price": 119012.9435955, "tid": 14721776, "type": "buy"}
{"amount": 0.25, "date": 1675887307, "price": 119036.21, "tid": 14721777, "type": "buy"}
{"amount": 0.03857337, "date": 1675887307, "price": 119051, "tid": 14721778, "type": "buy"}
{"amount": 0.0031, "date": 1675887380, "price": 119041.78034227, "tid": 14721779, "type": "buy"}
{"amount": 0.00975883, "date": 1675887380, "price": 119070.56369874, "tid": 14721780, "type": "buy"}
{"amount": 0.00591117, "date": 1675887380, "price": 119070.56369874, "tid": 14721781, "type": "buy"}
{"amount": 0.01698, "date": 1675887380, "price": 119070.68946858, "tid": 14721782, "type": "buy"}
{"amount": 0.03589734, "date": 1675887380, "price": 119071, "tid": 14721783, "type": "buy"}
{"amount": 0.0043, "date": 1675887382, "price": 118961.83092833, "tid": 14721784, "type": "sell"}
{"amount": 0.009, "date": 1675887382, "price": 118934.88325128, "tid": 14721785, "type": "sell"}
{"amount": 0.0079, "date": 1675887382, "price": 118934.87474035, "tid": 14721786, "type": "sell"}
{"amount": 0.0124, "date": 1675887382, "price": 118917.5175912, "tid": 14721787, "type": "sell"}
{"amount": 0.0127, "date": 1675887382, "price": 118917.5062433, "tid": 14721788, "type": "sell"}
{"amount": 0.01604, "date": 1675887382, "price": 118911.04768501, "tid": 14721789, "type": "sell"}
{"amount": 0.0237602, "date": 1675887382, "price": 118910.73234, "tid": 14721790, "type": "sell"}
{"amount": 0.0029, "date": 1675887382, "price": 119050.9929487, "tid": 14721791, "type": "buy"}
{"amount": 0.0032, "date": 1675887382, "price": 119051.06994075, "tid": 14721792, "type": "buy"}
{"amount": 0.0316936, "date": 1675887382, "price": 119071, "tid": 14721793, "type": "buy"}
{"amount": 0.00094144, "date": 1675887405, "price": 118992.76325811, "tid": 14721794, "type": "sell"}
{"amount": 0.0039, "date": 1675887414, "price": 119077.22093477, "tid": 14721795, "type": "buy"}
{"amount": 0.0038, "date": 1675887414, "price": 119077.22100824, "tid": 14721796, "type": "buy"}
{"amount": 0.0044, "date": 1675887414, "price": 119077.22100828, "tid": 14721797, "type": "buy"}
{"amount": 0.00345785, "date": 1675887414, "price": 119077.39834502, "tid": 14721798, "type": "buy"}
{"amount": 0.00057932, "date": 1675887433, "price": 118989.70862607, "tid": 14721799, "type": "sell"}
{"amount": 0.00177881, "date": 1675887439, "price": 119073.98665097, "tid": 14721800, "type": "buy"}
{"amount": 0.0001476, "date": 1675887439, "price": 118987.57368493, "tid": 14721801, "type": "sell"}
{"amount": 0.00176636, "date": 1675887444, "price": 118987.56631118, "tid": 14721802, "type": "sell"}
{"amount": 0.00175245, "date": 1675887448, "price": 119089.85991999, "tid": 14721803, "type": "buy"}
{"amount": 0.00174019, "date": 1675887452, "price": 118935.2474801, "tid": 14721804, "type": "sell"}
{"amount": 0.00419952, "date": 1675887462, "price": 119061, "tid": 14721805, "type": "buy"}
{"amount": 2e-05, "date": 1675887486, "price": 118991, "tid": 14721806, "type": "sell"}
{"amount": 0.00023966, "date": 1675887486, "price": 118897.06984667, "tid": 14721807, "type": "sell"}
{"amount": 0.00077898, "date": 1675887517, "price": 118856.77292063, "tid": 14721808, "type": "sell"}
{"amount": 0.00134325, "date": 1675887520, "price": 118855.78477028, "tid": 14721809, "type": "sell"}
{"amount": 0.0018244, "date": 1675887523, "price": 118944.60636135, "tid": 14721810, "type": "buy"}
{"amount": 8.407e-05, "date": 1675887562, "price": 118936.55107717, "tid": 14721811, "type": "buy"}
{"amount": 0.00025042, "date": 1675887574, "price": 118865.78956506, "tid": 14721812, "type": "sell"}
{"amount": 0.00417842, "date": 1675887619, "price": 118936.1560099, "tid": 14721813, "type": "buy"}
{"amount": 0.00060457, "date": 1675887622, "price": 118936.1560099, "tid": 14721814, "type": "buy"}
{"amount": 0.00420029, "date": 1675887626, "price": 118957.29664585, "tid": 14721815, "type": "buy"}
{"amount": 0.00603641, "date": 1675887629, "price": 118973.05532759, "tid": 14721816, "type": "buy"}
{"amount": 0.00025153, "date": 1675887697, "price": 119107.20319581, "tid": 14721817, "type": "buy"}
{"amount": 6.296e-05, "date": 1675887708, "price": 119110, "tid": 14721818, "type": "buy"}
{"amount": 0.00495067, "date": 1675887727, "price": 119110, "tid": 14721819, "type": "buy"}
{"amount": 0.0003323, "date": 1675887735, "price": 119045.09847447, "tid": 14721820, "type": "sell"}
{"amount": 0.00025186, "date": 1675887741, "price": 119110, "tid": 14721821, "type": "buy"}
{"amount": 0.00498749, "date": 1675887750, "price": 119110, "tid": 14721822, "type": "buy"}
{"amount": 8.14e-06, "date": 1675887756, "price": 119110, "tid": 14721823, "type": "buy"}
{"amount": 0.00014189, "date": 1675887813, "price": 119078.6281996, "tid": 14721824, "type": "sell"}
{"amount": 0.0045, "date": 1675887866, "price": 119097.50000001, "tid": 14721825, "type": "sell"}
{"amount": 0.00138664, "date": 1675887866, "price": 119097.50000001, "tid": 14721826, "type": "sell"}
{"amount": 1.15e-05, "date": 1675887869, "price": 119110, "tid": 14721827, "type": "buy"}
{"amount": 0.00250605, "date": 1675887869, "price": 119163.46504482, "tid": 14721828, "type": "buy"}
{"amount": 0.00025171, "date": 1675887919, "price": 119182.47382214, "tid": 14721829, "type": "buy"}
{"amount": 0.0036, "date": 1675887948, "price": 119244.41343456, "tid": 14721830, "type": "buy"}
{"amount": 0.00059286, "date": 1675887948, "price": 119285.50517913, "tid": 14721831, "type": "buy"}
{"amount": 0.00040915, "date": 1675887949, "price": 119244.23143027, "tid": 14721832, "type": "buy"}
{"amount": 0.00042847, "date": 1675887966, "price": 119136.53509, "tid": 14721833, "type": "sell"}
{"amount": 0.00246385, "date": 1675887986, "price": 119137.94521587, "tid": 14721834, "type": "sell"}
{"amount": 2e-05, "date": 1675888022, "price": 119225, "tid": 14721835, "type": "sell"}
{"amount": 0.00010621, "date": 1675888038, "price": 119213.95976636, "tid": 14721836, "type": "buy"}
{"amount": 0.004, "date": 1675888150, "price": 119169.2045008, "tid": 14721837, "type": "sell"}
{"amount": 0.00423962, "date": 1675888150, "price": 119150.00000001, "tid": 14721838, "type": "sell"}
{"amount": 0.00098, "date": 1675888159, "price": 119224.98, "tid": 14721839, "type": "buy"}
{"amount": 0.00224915, "date": 1675888159, "price": 119250.71147383, "tid": 14721840, "type": "buy"}
{"amount": 0.00041916, "date": 1675888212, "price": 119285.40027947, "tid": 14721841, "type": "buy"}
{"amount": 0.0041, "date": 1675888291, "price": 119394.71550498, "tid": 14721842, "type": "buy"}
{"amount": 0.0051672, "date": 1675888291, "price": 119446.5987546, "tid": 14721843, "type": "buy"}
{"amount": 0.0037, "date": 1675888302, "price": 119395.71739152, "tid": 14721844, "type": "buy"}
{"amount": 0.0034328, "date": 1675888302, "price": 119446.5987546, "tid": 14721845, "type": "buy"}
{"amount": 0.01679, "date": 1675888302, "price": 119455.98921942, "tid": 14721846, "type": "buy"}
{"amount": 0.01511, "date": 1675888302, "price": 119456.00481878, "tid": 14721847, "type": "buy"}
{"amount": 0.00232865, "date": 1675888302, "price": 119456.11870358, "tid": 14721848, "type": "buy"}
{"amount": 0.00078962, "date": 1675888321, "price": 119285.82134489, "tid": 14721849, "type": "sell"}
{"amount": 1.776e-05, "date": 1675888331, "price": 119337.94865984, "tid": 14721850, "type": "buy"}
{"amount": 0.0065, "date": 1675888359, "price": 119321.94057309, "tid": 14721851, "type": "buy"}
{"amount": 0.0036, "date": 1675888359, "price": 119321.94057309, "tid": 14721852, "type": "buy"}
{"amount": 0.011, "date": 1675888359, "price": 119380.80819999, "tid": 14721853, "type": "buy"}
{"amount": 0.00487165, "date": 1675888359, "price": 119397, "tid": 14721854, "type": "buy"}
{"amount": 0.00394439, "date": 1675888382, "price": 119211.78184413, "tid": 14721855, "type": "sell"}
{"amount": 0.0028, "date": 1675888438, "price": 119289.2225046, "tid": 14721856, "type": "buy"}
{"amount": 0.005, "date": 1675888438, "price": 119345.99999999, "tid": 14721857, "type": "buy"}
{"amount": 0.00058033, "date": 1675888438, "price": 119346, "tid": 14721858, "type": "buy"}
{"amount": 1.265e-05, "date": 1675888439, "price": 119346, "tid": 14721859, "type": "buy"}
{"amount": 0.00106579, "date": 1675888460, "price": 119291.09399221, "tid": 14721860, "type": "buy"}
{"amount": 0.00143421, "date": 1675888467, "price": 119291.09399221, "tid": 14721861, "type": "buy"}
{"amount": 0.00022234, "date": 1675888467, "price": 119347, "tid": 14721862, "type": "buy"}
{"amount": 0.00083822, "date": 1675888531, "price": 119299.63125013, "tid": 14721863, "type": "buy"}
{"amount": 0.002, "date": 1675888551, "price": 119311.80754136, "tid": 14721864, "type": "buy"}
{"amount": 0.002, "date": 1675888551, "price": 119311.81059218, "tid": 14721865, "type": "buy"}
{"amount": 0.01275786, "date": 1675888551, "price": 119358, "tid": 14721866, "type": "buy"}
{"amount": 9.315e-05, "date": 1675888589, "price": 119265.38022156, "tid": 14721867, "type": "sell"}
{"amount": 0.00462719, "date": 1675888626, "price": 119265.8367599, "tid": 14721868, "type": "sell"}
{"amount": 0.00043373, "date": 1675888636, "price": 119232.83427536, "tid": 14721869, "type": "sell"}
{"amount": 0.0002, "date": 1675888655, "price": 119234.81068571, "tid": 14721870, "type": "sell"}
{"amount": 8.12e-06, "date": 1675888679, "price": 119341.50901718, "tid": 14721871, "type": "buy"}
{"amount": 1.532e-05, "date": 1675888709, "price": 119291.34330181, "tid": 14721872, "type": "sell"}
{"amount": 0.00067016, "date": 1675888737, "price": 119374.29618899, "tid": 14721873, "type": "buy"}
{"amount": 0.00105833, "date": 1675888765, "price": 119351.1479031, "tid": 14721874, "type": "sell"}
{"amount": 2.917e-05, "date": 1675888790, "price": 119385.35, "tid": 14721875, "type": "buy"}
{"amount": 0.0033172, "date": 1675888893, "price": 119389.67, "tid": 14721876, "type": "buy"}
{"amount": 0.0086, "date": 1675888941, "price": 119361.586183, "tid": 14721877, "type": "sell"}
{"amount": 0.0082, "date": 1675888941, "price": 119361.58615099, "tid": 14721878, "type": "sell"}
{"amount": 0.0114, "date": 1675888941, "price": 119360.73169413, "tid": 14721879, "type": "sell"}
{"amount": 0.013, "date": 1675888941, "price": 119360.73165144, "tid": 14721880, "type": "sell"}
{"amount": 0.004, "date": 1675888941, "price": 119354.23522131, "tid": 14721881, "type": "sell"}
{"amount": 0.0042, "date": 1675888941, "price": 119354.2352053, "tid": 14721882, "type": "sell"}
{"amount": 0.01754, "date": 1675888941, "price": 119152.67621616, "tid": 14721883, "type": "sell"}
{"amount": 0.01623, "date": 1675888941, "price": 119152.59084131, "tid": 14721884, "type": "sell"}
{"amount": 0.01604, "date": 1675888941, "price": 119152.37446792, "tid": 14721885, "type": "sell"}
{"amount": 0.01623, "date": 1675888941, "price": 119152.33991918, "tid": 14721886, "type": "sell"}
{"amount": 0.00252841, "date": 1675888941, "price": 119149.97, "tid": 14721887, "type": "sell"}
{"amount": 0.0153, "date": 1675888941, "price": 119053.15717803, "tid": 14721888, "type": "sell"}
{"amount": 0.01323763, "date": 1675888941, "price": 119053.07, "tid": 14721889, "type": "sell"}
{"amount": 0.14669861, "date": 1675888941, "price": 119053.07, "tid": 14721890, "type": "sell"}
{"amount": 0.01791, "date": 1675888941, "price": 119053.05890927, "tid": 14721891, "type": "sell"}
{"amount": 0.01604, "date": 1675888941, "price": 119052.99903214, "tid": 14721892, "type": "sell"}
{"amount": 0.09006375, "date": 1675888941, "price": 119052.86, "tid": 14721893, "type": "sell"}
{"amount": 0.01828, "date": 1675888941, "price": 119051.30672734, "tid": 14721894, "type": "sell"}
{"amount": 0.01828, "date": 1675888941, "price": 119051.25478841, "tid": 14721895, "type": "sell"}
{"amount": 0.01735, "date": 1675888941, "price": 119051.23848471, "tid": 14721896, "type": "sell"}
{"amount": 0.01754, "date": 1675888941, "price": 119051.1590624, "tid": 14721897, "type": "sell"}
{"amount": 0.599, "date": 1675888941, "price": 119051, "tid": 14721898, "type": "sell"}
{"amount": 0.04532354, "date": 1675888941, "price": 118954, "tid": 14721899, "type": "sell"}
{"amount": 0.00093362, "date": 1675888985, "price": 119383.53897383, "tid": 14721900, "type": "buy"}
{"amount": 0.00016752, "date": 1675888995, "price": 119381.74962671, "tid": 14721901, "type": "buy"}
{"amount": 0.00125417, "date": 1675889018, "price": 119360.39739137, "tid": 14721902, "type": "buy"}
{"amount": 0.00428692, "date": 1675889037, "price": 119383.16668487, "tid": 14721903, "type": "buy"}
{"amount": 0.0020922, "date": 1675889044, "price": 119381.25526501, "tid": 14721904, "type": "buy"}
{"amount": 0.00104683, "date": 1675889047, "price": 119381.25526501, "tid": 14721905, "type": "buy"}
{"amount": 0.00011672, "date": 1675889049, "price": 119295.07245641, "tid": 14721906, "type": "sell"}
{"amount": 0.00104632, "date": 1675889050, "price": 119381.25526501, "tid": 14721907, "type": "buy"}
{"amount": 0.004, "date": 1675889080, "price": 119302.52765001, "tid": 14721908, "type": "sell"}
{"amount": 0.00288816, "date": 1675889080, "price": 119302.52765, "tid": 14721909, "type": "sell"}
{"amount": 0.00092708, "date": 1675889104, "price": 119302.52765, "tid": 14721910, "type": "sell"}
{"amount": 0.00430051, "date": 1675889139, "price": 119367.36072261, "tid": 14721911, "type": "buy"}
{"amount": 0.0034, "date": 1675889145, "price": 119323.58177345, "tid": 14721912, "type": "buy"}
{"amount": 0.00050216, "date": 1675889145, "price": 119324.11881444, "tid": 14721913, "type": "buy"}
{"amount": 7.372e-05, "date": 1675889160, "price": 119268.15903857, "tid": 14721914, "type": "sell"}
{"amount": 0.0036, "date": 1675889172, "price": 119353.90582802, "tid": 14721915, "type": "buy"}
{"amount": 0.0079, "date": 1675889172, "price": 119390.99999998, "tid": 14721916, "type": "buy"}
{"amount": 0.02196878, "date": 1675889172, "price": 119391, "tid": 14721917, "type": "buy"}
{"amount": 0.0059, "date": 1675889271, "price": 119340.99999999, "tid": 14721918, "type": "buy"}
{"amount": 0.00247934, "date": 1675889271, "price": 119341, "tid": 14721919, "type": "buy"}
{"amount": 0.00211171, "date": 1675889307, "price": 119389.91556786, "tid": 14721920, "type": "buy"}
{"amount": 0.0027, "date": 1675889319, "price": 119389.91556783, "tid": 14721921, "type": "buy"}
{"amount": 0.24887928, "date": 1675889319, "price": 119405.87, "tid": 14721922, "type": "buy"}
{"amount": 0.00423, "date": 1675889328, "price": 119307.54832336, "tid": 14721923, "type": "sell"}
{"amount": 0.00083799, "date": 1675889358, "price": 119332, "tid": 14721924, "type": "buy"}
{"amount": 0.00115914, "date": 1675889371, "price": 119274.36000001, "tid": 14721925, "type": "sell"}
{"amount": 2.882e-05, "date": 1675889389, "price": 119267.49303564, "tid": 14721926, "type": "sell"}
{"amount": 0.0028, "date": 1675889408, "price": 119343.40311834, "tid": 14721927, "type": "buy"}
{"amount": 0.01511, "date": 1675889408, "price": 119377.46920486, "tid": 14721928, "type": "buy"}
{"amount": 0.16727683, "date": 1675889408, "price": 119377.75, "tid": 14721929, "type": "buy"}
{"amount": 0.0029, "date": 1675889411, "price": 119357.40093844, "tid": 14721930, "type": "buy"}
{"amount": 0.0026, "date": 1675889411, "price": 119360.33229979, "tid": 14721931, "type": "buy"}
{"amount": 0.0029, "date": 1675889411, "price": 119360.33842489, "tid": 14721932, "type": "buy"}
{"amount": 0.0057, "date": 1675889411, "price": 119410.41721099, "tid": 14721933, "type": "buy"}
{"amount": 0.0181, "date": 1675889411, "price": 119412.27803546, "tid": 14721934, "type": "buy"}
{"amount": 0.01567, "date": 1675889411, "price": 119412.42915426, "tid": 14721935, "type": "buy"}
{"amount": 0.01531258, "date": 1675889411, "price": 119412.53639986, "tid": 14721936, "type": "buy"}
{"amount": 0.00175773, "date": 1675889413, "price": 119412.53639985, "tid": 14721937, "type": "buy"}
{"amount": 0.00166742, "date": 1675889447, "price": 119412.53639986, "tid": 14721938, "type": "buy"}
{"amount": 0.01604, "date": 1675889447, "price": 119412.66411962, "tid": 14721939, "type": "buy"}
{"amount": 0.0022, "date": 1675889447, "price": 119441.37708403, "tid": 14721940, "type": "buy"}
{"amount": 0.01828, "date": 1675889447, "price": 119441.37708404, "tid": 14721941, "type": "buy"}
{"amount": 0.01716, "date": 1675889447, "price": 119441.499929, "tid": 14721942, "type": "buy"}
{"amount": 0.00188818, "date": 1675889447, "price": 119441.5669575, "tid": 14721943, "type": "buy"}
{"amount": 0.002, "date": 1675889449, "price": 119441.56695749, "tid": 14721944, "type": "buy"}
{"amount": 0.01397182, "date": 1675889449, "price": 119441.5669575, "tid": 14721945, "type": "buy"}
{"amount": 0.00193438, "date": 1675889449, "price": 119441.59425638, "tid": 14721946, "type": "buy"}
{"amount": 0.01616562, "date": 1675889451, "price": 119441.59425638, "tid": 14721947, "type": "buy"}
{"amount": 0.0014135, "date": 1675889451, "price": 119441.65031658, "tid": 14721948, "type": "buy"}
{"amount": 0.01196015, "date": 1675889480, "price": 119385.560567, "tid": 14721949, "type": "sell"}
{"amount": 0.002, "date": 1675889483, "price": 119445.51618742, "tid": 14721950, "type": "buy"}
{"amount": 0.00239661, "date": 1675889483, "price": 119447.18, "tid": 14721951, "type": "buy"}
{"amount": 0.00575985, "date": 1675889487, "price": 119385.560567, "tid": 14721952, "type": "sell"}
{"amount": 0.01548, "date": 1675889487, "price": 119383.84748726, "tid": 14721953, "type": "sell"}
{"amount": 0.00076015, "date": 1675889487, "price": 119381.34438311, "tid": 14721954, "type": "sell"}
{"amount": 0.00840796, "date": 1675889568, "price": 119470, "tid": 14721955, "type": "buy"}
{"amount": 0.00191606, "date": 1675889654, "price": 119469.73334178, "tid": 14721956, "type": "buy"}
{"amount": 0.00042346, "date": 1675889748, "price": 119254.92648819, "tid": 14721957, "type": "buy"}
{"amount": 0.00167707, "date": 1675889767, "price": 119254.92648817, "tid": 14721958, "type": "buy"}
{"amount": 7.557e-05, "date": 1675889770, "price": 119254.92648817, "tid": 14721959, "type": "buy"}
{"amount": 7.012e-05, "date": 1675889787, "price": 119254.06777858, "tid": 14721960, "type": "buy"}
{"amount": 0.00020541, "date": 1675889791, "price": 119283.75457665, "tid": 14721961, "type": "buy"}
{"amount": 4.318e-05, "date": 1675889791, "price": 119283.75452632, "tid": 14721962, "type": "buy"}
{"amount": 0.00332128, "date": 1675889920, "price": 119242.86, "tid": 14721963, "type": "buy"}
{"amount": 0.0018869, "date": 1675889921, "price": 119242.86, "tid": 14721964, "type": "buy"}
{"amount": 0.0116, "date": 1675889936, "price": 119213.23885468, "tid": 14721965, "type": "sell"}
{"amount": 0.0091, "date": 1675889936, "price": 119204.07806248, "tid": 14721966, "type": "sell"}
{"amount": 0.0042, "date": 1675889948, "price": 119184.41141198, "tid": 14721967, "type": "sell"}
{"amount": 0.0031, "date": 1675889965, "price": 119209.4220775, "tid": 14721968, "type": "buy"}
{"amount": 0.00109399, "date": 1675889965, "price": 119242.86, "tid": 14721969, "type": "buy"}
{"amount": 0.0042, "date": 1675889968, "price": 119123.57153448, "tid": 14721970, "type": "sell"}
{"amount": 0.0092, "date": 1675889968, "price": 119103.68316759, "tid": 14721971, "type": "sell"}
{"amount": 0.0135, "date": 1675889968, "price": 119094.5098906, "tid": 14721972, "type": "sell"}
{"amount": 0.01679, "date": 1675889968, "price": 118889.23698162, "tid": 14721973, "type": "sell"}
{"amount": 0.01567, "date": 1675889968, "price": 118889.18154904, "tid": 14721974, "type": "sell"}
{"amount": 0.01586, "date": 1675889968, "price": 118889.08326102, "tid": 14721975, "type": "sell"}
{"amount": 0.01698, "date": 1675889968, "price": 118889.01894457, "tid": 14721976, "type": "sell"}
{"amount": 0.01604, "date": 1675889968, "price": 118888.98887041, "tid": 14721977, "type": "sell"}
{"amount": 0.0153, "date": 1675889968, "price": 118888.92624639, "tid": 14721978, "type": "sell"}
{"amount": 0.13497262, "date": 1675889968, "price": 118888.9051, "tid": 14721979, "type": "sell"}
{"amount": 0.0153, "date": 1675889968, "price": 118888.849619, "tid": 14721980, "type": "sell"}
{"amount": 0.01548, "date": 1675889968, "price": 118888.82003943, "tid": 14721981, "type": "sell"}
{"amount": 0.01511, "date": 1675889968, "price": 118888.81631287, "tid": 14721982, "type": "sell"}
{"amount": 0.008997, "date": 1675889968, "price": 118888.75, "tid": 14721983, "type": "sell"}
{"amount": 0.14704585, "date": 1675889968, "price": 118888.63, "tid": 14721984, "type": "sell"}
{"amount": 0.0041, "date": 1675890008, "price": 119140.774031, "tid": 14721985, "type": "buy"}
{"amount": 0.03757042, "date": 1675890008, "price": 119150.17, "tid": 14721986, "type": "buy"}
{"amount": 0.00025094, "date": 1675890058, "price": 119099.46, "tid": 14721987, "type": "buy"}
{"amount": 0.00058843, "date": 1675890058, "price": 119151.68999999, "tid": 14721988, "type": "buy"}
{"amount": 0.0035, "date": 1675890064, "price": 119213.70999999, "tid": 14721989, "type": "buy"}
{"amount": 0.006865, "date": 1675890064, "price": 119213.71, "tid": 14721990, "type": "buy"}
{"amount": 0.0037, "date": 1675890075, "price": 119213.70999999, "tid": 14721991, "type": "buy"}
{"amount": 0.0448, "date": 1675890075, "price": 119213.71, "tid": 14721992, "type": "buy"}
{"amount": 0.0033, "date": 1675890079, "price": 119218.29631595, "tid": 14721993, "type": "buy"}
{"amount": 0.01604, "date": 1675890079, "price": 119218.29631596, "tid": 14721994, "type": "buy"}
{"amount": 0.01386517, "date": 1675890079, "price": 119218.37041292, "tid": 14721995, "type": "buy"}
{"amount": 0.0035, "date": 1675890094, "price": 119218.37041291, "tid": 14721996, "type": "buy"}
{"amount": 0.00329483, "date": 1675890094, "price": 119218.37041292, "tid": 14721997, "type": "buy"}
{"amount": 0.0032, "date": 1675890099, "price": 119218.48667689, "tid": 14721998, "type": "buy"}
{"amount": 0.01212425, "date": 1675890099, "price": 119218.4866769, "tid": 14721999, "type": "buy"}
{"amount": 0.0019866, "date": 1675890100, "price": 119218.48667689, "tid": 14722000, "type": "buy"}
{"amount": 0.0013134, "date": 1675890104, "price": 119218.48667689, "tid": 14722001, "type": "buy"}
{"amount": 0.006, "date": 1675890104, "price": 119255.89174901, "tid": 14722002, "type": "buy"}
{"amount": 0.00318341, "date": 1675890105, "price": 119330.90999999, "tid": 14722003, "type": "buy"}
{"amount": 0.003, "date": 1675890107, "price": 119278.10000001, "tid": 14722004, "type": "buy"}
{"amount": 0.0062, "date": 1675890107, "price": 119284.30260845, "tid": 14722005, "type": "buy"}
{"amount": 0.00481659, "date": 1675890107, "price": 119330.90999999, "tid": 14722006, "type": "buy"}
{"amount": 0.00217499, "date": 1675890107, "price": 119330.91, "tid": 14722007, "type": "buy"}
{"amount": 0.0023, "date": 1675890111, "price": 119243.56445777, "tid": 14722008, "type": "buy"}
{"amount": 0.0048, "date": 1675890111, "price": 119304.41835825, "tid": 14722009, "type": "buy"}
{"amount": 0.01090807, "date": 1675890111, "price": 119330.91, "tid": 14722010, "type": "buy"}
{"amount": 0.001, "date": 1675890114, "price": 119243.55798233, "tid": 14722011, "type": "buy"}
{"amount": 0.0009, "date": 1675890114, "price": 119243.55798234, "tid": 14722012, "type": "buy"}
{"amount": 0.001, "date": 1675890114, "price": 119243.57435963, "tid": 14722013, "type": "buy"}
{"amount": 0.0009, "date": 1675890175, "price": 119291.6755409, "tid": 14722014, "type": "buy"}
{"amount": 0.00078, "date": 1675890175, "price": 119434.34123374, "tid": 14722015, "type": "buy"}
{"amount": 0.00024971, "date": 1675890237, "price": 119256.62966257, "tid": 14722016, "type": "buy"}
{"amount": 0.00015188, "date": 1675890266, "price": 119192.88106965, "tid": 14722017, "type": "sell"}
{"amount": 0.00343734, "date": 1675890358, "price": 119155.34104337, "tid": 14722018, "type": "sell"}
{"amount": 2.691e-05, "date": 1675890363, "price": 119252.78324449, "tid": 14722019, "type": "buy"}
{"amount": 0.00104571, "date": 1675890380, "price": 119183.75460396, "tid": 14722020, "type": "sell"}
{"amount": 3.186e-05, "date": 1675890459, "price": 119136.51362001, "tid": 14722021, "type": "sell"}
{"amount": 0.0009, "date": 1675890529, "price": 119153.62251996, "tid": 14722022, "type": "buy"}
{"amount": 0.00020901, "date": 1675890529, "price": 119182.4, "tid": 14722023, "type": "buy"}
{"amount": 0.00027201, "date": 1675890559, "price": 119136.65, "tid": 14722024, "type": "sell"}
{"amount": 0.00085, "date": 1675890620, "price": 119175.13392238, "tid": 14722025, "type": "buy"}
{"amount": 0.00020318, "date": 1675890663, "price": 119182.4, "tid": 14722026, "type": "buy"}
{"amount": 0.0006811, "date": 1675890663, "price": 119203.43552089, "tid": 14722027, "type": "buy"}
{"amount": 0.00110842, "date": 1675890668, "price": 119153.55782752, "tid": 14722028, "type": "sell"}
{"amount": 0.00084, "date": 1675890693, "price": 119248.32, "tid": 14722029, "type": "buy"}
{"amount": 5.865e-05, "date": 1675890824, "price": 119351.19, "tid": 14722030, "type": "buy"}
{"amount": 0.0018721, "date": 1675890830, "price": 119297.17277169, "tid": 14722031, "type": "sell"}
{"amount": 0.00010861, "date": 1675890868, "price": 119304.62786061, "tid": 14722032, "type": "sell"}
{"amount": 0.00137795, "date": 1675890883, "price": 119303.05673838, "tid": 14722033, "type": "sell"}
{"amount": 0.0039, "date": 1675890885, "price": 119273.32445817, "tid": 14722034, "type": "sell"}
{"amount": 0.01791, "date": 1675890885, "price": 119136.77676791, "tid": 14722035, "type": "sell"}
{"amount": 0.01828, "date": 1675890885, "price": 119136.77374008, "tid": 14722036, "type": "sell"}
{"amount": 0.00564085, "date": 1675890885, "price": 119136.65008, "tid": 14722037, "type": "sell"}
{"amount": 4.564e-05, "date": 1675890951, "price": 119301.75426424, "tid": 14722038, "type": "sell"}
{"amount": 0.00084903, "date": 1675891025, "price": 119346.80308547, "tid": 14722039, "type": "buy"}
{"amount": 0.0122, "date": 1675891046, "price": 119289.01464958, "tid": 14722040, "type": "sell"}
{"amount": 0.0087, "date": 1675891046, "price": 119278.05484985, "tid": 14722041, "type": "sell"}
{"amount": 0.0044, "date": 1675891046, "price": 119265.83665305, "tid": 14722042, "type": "sell"}
{"amount": 0.01604, "date": 1675891046, "price": 119136.95447824, "tid": 14722043, "type": "sell"}
{"amount": 0.0604717, "date": 1675891046, "price": 119136.65008, "tid": 14722044, "type": "sell"}
{"amount": 0.00047318, "date": 1675891055, "price": 119241.52660698, "tid": 14722045, "type": "sell"}
{"amount": 0.0039, "date": 1675891061, "price": 119235.86972617, "tid": 14722046, "type": "sell"}
{"amount": 0.00033658, "date": 1675891061, "price": 119223.4268431, "tid": 14722047, "type": "sell"}
{"amount": 0.00082981, "date": 1675891094, "price": 119315.73085729, "tid": 14722048, "type": "buy"}
{"amount": 0.00083, "date": 1675891102, "price": 119315.06198976, "tid": 14722049, "type": "buy"}
{"amount": 0.00237, "date": 1675891111, "price": 119315.06198976, "tid": 14722050, "type": "buy"}
{"amount": 0.00177814, "date": 1675891111, "price": 119379.07834717, "tid": 14722051, "type": "buy"}
{"amount": 0.0027, "date": 1675891151, "price": 119326.20200734, "tid": 14722052, "type": "buy"}
{"amount": 0.00567786, "date": 1675891151, "price": 119379.21654776, "tid": 14722053, "type": "buy"}
{"amount": 0.0045, "date": 1675891163, "price": 119265.40212881, "tid": 14722054, "type": "sell"}
{"amount": 0.00303231, "date": 1675891163, "price": 119242.24899695, "tid": 14722055, "type": "sell"}
{"amount": 0.0031, "date": 1675891224, "price": 119370.98377977, "tid": 14722056, "type": "buy"}
{"amount": 0.0032, "date": 1675891224, "price": 119370.98380679, "tid": 14722057, "type": "buy"}
{"amount": 0.0032, "date": 1675891224, "price": 119370.9871953, "tid": 14722058, "type": "buy"}
{"amount": 0.01547469, "date": 1675891224, "price": 119389.2, "tid": 14722059, "type": "buy"}
{"amount": 0.00114838, "date": 1675891306, "price": 119369.99175252, "tid": 14722060, "type": "buy"}
{"amount": 0.00084, "date": 1675891325, "price": 119395.73460572, "tid": 14722061, "type": "buy"}
{"amount": 0.00010444, "date": 1675891344, "price": 119310.60141128, "tid": 14722062, "type": "sell"}
{"amount": 3.492e-05, "date": 1675891363, "price": 119312.3916132, "tid": 14722063, "type": "sell"}
{"amount": 0.00347864, "date": 1675891369, "price": 119312.49448001, "tid": 14722064, "type": "sell"}
{"amount": 0.00090382, "date": 1675891392, "price": 119370.07579924, "tid": 14722065, "type": "buy"}
{"amount": 3.468e-05, "date": 1675891402, "price": 119370.07579924, "tid": 14722066, "type": "buy"}
{"amount": 0.00015728, "date": 1675891468, "price": 119296.18703203, "tid": 14722067, "type": "sell"}
{"amount": 0.00081843, "date": 1675891469, "price": 119296.27373048, "tid": 14722068, "type": "sell"}
{"amount": 0.00041042, "date": 1675891494, "price": 119400, "tid": 14722069, "type": "buy"}
{"amount": 0.0024, "date": 1675891510, "price": 119392.37624367, "tid": 14722070, "type": "buy"}
{"amount": 0.0017463, "date": 1675891510, "price": 119400, "tid": 14722071, "type": "buy"}
{"amount": 3.742e-05, "date": 1675891510, "price": 119370, "tid": 14722072, "type": "sell"}
{"amount": 3.449e-05, "date": 1675891534, "price": 119370, "tid": 14722073, "type": "sell"}
{"amount": 3.743e-05, "date": 1675891535, "price": 119370, "tid": 14722074, "type": "sell"}
{"amount": 0.00030938, "date": 1675891542, "price": 119399.99999999, "tid": 14722075, "type": "buy"}
{"amount": 0.0004078, "date": 1675891545, "price": 119399.99999999, "tid": 14722076, "type": "buy"}
{"amount": 0.00010226, "date": 1675891576, "price": 119400, "tid": 14722077, "type": "buy"}
{"amount": 0.01829648, "date": 1675891582, "price": 119400, "tid": 14722078, "type": "buy"}
{"amount": 8.378e-05, "date": 1675891597, "price": 119370.01000001, "tid": 14722079, "type": "sell"}
{"amount": 0.00287024, "date": 1675891612, "price": 119370.00000001, "tid": 14722080, "type": "sell"}
{"amount": 0.005, "date": 1675891684, "price": 119370.00000001, "tid": 14722081, "type": "sell"}
{"amount": 0.0026664, "date": 1675891684, "price": 119370.00000001, "tid": 14722082, "type": "sell"}
{"amount": 0.00233204, "date": 1675891688, "price": 119370.00000001, "tid": 14722083, "type": "sell"}
{"amount": 0.00028249, "date": 1675891712, "price": 119400, "tid": 14722084, "type": "buy"}
{"amount": 0.00010892, "date": 1675891721, "price": 119400, "tid": 14722085, "type": "buy"}
{"amount": 0.00046334, "date": 1675891834, "price": 119399.99999999, "tid": 14722086, "type": "sell"}
{"amount": 0.00919214, "date": 1675891851, "price": 119400, "tid": 14722087, "type": "buy"}
{"amount": 0.0001675, "date": 1675891860, "price": 119400, "tid": 14722088, "type": "buy"}
{"amount": 0.0017252, "date": 1675891948, "price": 119400, "tid": 14722089, "type": "buy"}
{"amount": 0.05296829, "date": 1675891955, "price": 119400, "tid": 14722090, "type": "buy"}
{"amount": 0.0032, "date": 1675891960, "price": 119473.94486792, "tid": 14722091, "type": "buy"}
{"amount": 0.03620773, "date": 1675891960, "price": 119498.58, "tid": 14722092, "type": "buy"}
{"amount": 0.0029, "date": 1675891964, "price": 119481.81127658, "tid": 14722093, "type": "buy"}
{"amount": 0.09416278, "date": 1675891964, "price": 119498.58, "tid": 14722094, "type": "buy"}
{"amount": 4.059e-05, "date": 1675892059, "price": 119498.58, "tid": 14722095, "type": "buy"}
{"amount": 0.00048233, "date": 1675892101, "price": 119474.57026026, "tid": 14722096, "type": "sell"}
{"amount": 0.00209207, "date": 1675892180, "price": 119498.58, "tid": 14722097, "type": "buy"}
{"amount": 4.122e-05, "date": 1675892226, "price": 119430.47491228, "tid": 14722098, "type": "sell"}
{"amount": 0.00219889, "date": 1675892231, "price": 119460.00592101, "tid": 14722099, "type": "sell"}
{"amount": 0.00454334, "date": 1675892277, "price": 119460, "tid": 14722100, "type": "buy"}
{"amount": 0.00365523, "date": 1675892279, "price": 119460, "tid": 14722101, "type": "buy"}
{"amount": 0.00088797, "date": 1675892279, "price": 119498.58, "tid": 14722102, "type": "buy"}
{"amount": 0.00882045, "date": 1675892290, "price": 119498.58, "tid": 14722103, "type": "buy"}
{"amount": 6.94e-06, "date": 1675892295, "price": 119498.58, "tid": 14722104, "type": "buy"}
{"amount": 0.15000273, "date": 1675892329, "price": 119498.58, "tid": 14722105, "type": "buy"}
{"amount": 0.00603699, "date": 1675892329, "price": 119498.58, "tid": 14722106, "type": "buy"}
{"amount": 0.00280301, "date": 1675892333, "price": 119498.58, "tid": 14722107, "type": "buy"}
{"amount": 0.00907499, "date": 1675892336, "price": 119498.58, "tid": 14722108, "type": "buy"}
{"amount": 0.0026, "date": 1675892340, "price": 119498.58, "tid": 14722109, "type": "buy"}
{"amount": 0.00900452, "date": 1675892342, "price": 119498.58, "tid": 14722110, "type": "buy"}
{"amount": 0.0057, "date": 1675892343, "price": 119498.58, "tid": 14722111, "type": "buy"}
{"amount": 0.01800448, "date": 1675892352, "price": 119498.58, "tid": 14722112, "type": "buy"}
{"amount": 0.00311241, "date": 1675892362, "price": 119498.57999999, "tid": 14722113, "type": "sell"}
{"amount": 0.01800898, "date": 1675892374, "price": 119498.58, "tid": 14722114, "type": "buy"}
{"amount": 0.0003019, "date": 1675892380, "price": 119498.58, "tid": 14722115, "type": "buy"}
{"amount": 0.0026, "date": 1675892380, "price": 119573.70999999, "tid": 14722116, "type": "buy"}
{"amount": 0.00129955, "date": 1675892380, "price": 119573.71, "tid": 14722117, "type": "buy"}
{"amount": 3.115e-05, "date": 1675892389, "price": 119496.64496624, "tid": 14722118, "type": "sell"}
{"amount": 6.69e-05, "date": 1675892405, "price": 119573.70999999, "tid": 14722119, "type": "buy"}
{"amount": 0.0032331, "date": 1675892409, "price": 119573.70999999, "tid": 14722120, "type": "buy"}
{"amount": 0.00099595, "date": 1675892409, "price": 119573.71, "tid": 14722121, "type": "buy"}
{"amount": 0.0027, "date": 1675892412, "price": 119573.70999999, "tid": 14722122, "type": "buy"}
{"amount": 0.0040045, "date": 1675892412, "price": 119573.71, "tid": 14722123, "type": "buy"}
{"amount": 0.0027, "date": 1675892414, "price": 119573.71, "tid": 14722124, "type": "buy"}
{"amount": 0.09730544, "date": 1675892414, "price": 119600, "tid": 14722125, "type": "buy"}
{"amount": 0.0029, "date": 1675892415, "price": 119588.95566726, "tid": 14722126, "type": "buy"}
{"amount": 0.00269456, "date": 1675892415, "price": 119600, "tid": 14722127, "type": "buy"}
{"amount": 0.0064, "date": 1675892415, "price": 119649.67204274, "tid": 14722128, "type": "buy"}
{"amount": 7.523e-05, "date": 1675892424, "price": 119619.21386739, "tid": 14722129, "type": "buy"}
{"amount": 0.00222477, "date": 1675892424, "price": 119619.21386739, "tid": 14722130, "type": "buy"}
{"amount": 0.09857871, "date": 1675892424, "price": 119675, "tid": 14722131, "type": "buy"}
{"amount": 0.0023, "date": 1675892428, "price": 119623.12172146, "tid": 14722132, "type": "buy"}
{"amount": 0.02275039, "date": 1675892428, "price": 119677.01, "tid": 14722133, "type": "buy"}
{"amount": 0.0022, "date": 1675892433, "price": 119624.35177441, "tid": 14722134, "type": "buy"}
{"amount": 0.00977252, "date": 1675892433, "price": 119679, "tid": 14722135, "type": "buy"}
{"amount": 6.486e-05, "date": 1675892493, "price": 119647.22024556, "tid": 14722136, "type": "buy"}
{"amount": 0.00203514, "date": 1675892501, "price": 119647.22024556, "tid": 14722137, "type": "buy"}
{"amount": 0.08062677, "date": 1675892501, "price": 119679.4, "tid": 14722138, "type": "buy"}
{"amount": 0.00171914, "date": 1675892507, "price": 119653.80347803, "tid": 14722139, "type": "buy"}
{"amount": 0.00038086, "date": 1675892518, "price": 119653.80347803, "tid": 14722140, "type": "buy"}
{"amount": 0.09961999, "date": 1675892518, "price": 119661.46, "tid": 14722141, "type": "buy"}
{"amount": 8.1e-06, "date": 1675892527, "price": 119656.37401692, "tid": 14722142, "type": "buy"}
{"amount": 0.00083, "date": 1675892530, "price": 119656.37401692, "tid": 14722143, "type": "buy"}
{"amount": 0.0010619, "date": 1675892539, "price": 119656.37401692, "tid": 14722144, "type": "buy"}
{"amount": 0.19806816, "date": 1675892539, "price": 119662.77, "tid": 14722145, "type": "buy"}
{"amount": 0.0018, "date": 1675892541, "price": 119659.23134757, "tid": 14722146, "type": "buy"}
{"amount": 0.04721948, "date": 1675892541, "price": 119699.49, "tid": 14722147, "type": "buy"}
{"amount": 6e-05, "date": 1675892549, "price": 119598.80046424, "tid": 14722148, "type": "sell"}
{"amount": 0.00040523, "date": 1675892559, "price": 119599.09414331, "tid": 14722149, "type": "sell"}
{"amount": 0.0025, "date": 1675892598, "price": 119719.27, "tid": 14722150, "type": "buy"}
{"amount": 0.001, "date": 1675892598, "price": 119719.27, "tid": 14722151, "type": "buy"}
{"amount": 0.0004696, "date": 1675892598, "price": 119727.36999999, "tid": 14722152, "type": "buy"}
{"amount": 0.0121, "date": 1675892630, "price": 119684.89364404, "tid": 14722153, "type": "sell"}
{"amount": 0.0079, "date": 1675892630, "price": 119679.21933001, "tid": 14722154, "type": "sell"}
{"amount": 0.0043, "date": 1675892630, "price": 119679.21933001, "tid": 14722155, "type": "sell"}
{"amount": 0.02271773, "date": 1675892630, "price": 119679.21933, "tid": 14722156, "type": "sell"}
{"amount": 0.03728227, "date": 1675892630, "price": 119399.2, "tid": 14722157, "type": "sell"}
{"amount": 2.957e-05, "date": 1675892647, "price": 119727.83256281, "tid": 14722158, "type": "buy"}
{"amount": 0.004, "date": 1675892673, "price": 119695.6795683, "tid": 14722159, "type": "sell"}
{"amount": 0.00403995, "date": 1675892673, "price": 119627.46043573, "tid": 14722160, "type": "sell"}
{"amount": 0.0042, "date": 1675892700, "price": 119692.45914592, "tid": 14722161, "type": "sell"}
{"amount": 0.00260834, "date": 1675892700, "price": 119683.98005001, "tid": 14722162, "type": "sell"}
{"amount": 5.945e-05, "date": 1675892746, "price": 119755.0339457, "tid": 14722163, "type": "buy"}
{"amount": 0.0036, "date": 1675892786, "price": 119704.17785701, "tid": 14722164, "type": "buy"}
{"amount": 0.0074, "date": 1675892786, "price": 119754.30226941, "tid": 14722165, "type": "buy"}
{"amount": 0.01604, "date": 1675892786, "price": 119867.90112026, "tid": 14722166, "type": "buy"}
{"amount": 0.0166, "date": 1675892786, "price": 119869.1761242, "tid": 14722167, "type": "buy"}
{"amount": 0.00193438, "date": 1675892786, "price": 119869.52905972, "tid": 14722168, "type": "buy"}
{"amount": 5.1e-05, "date": 1675892849, "price": 119785.98213855, "tid": 14722169, "type": "buy"}
{"amount": 0.00103337, "date": 1675892869, "price": 119765.74793866, "tid": 14722170, "type": "buy"}
{"amount": 1.286e-05, "date": 1675892961, "price": 119681.50315243, "tid": 14722171, "type": "buy"}
{"amount": 0.0027, "date": 1675893051, "price": 119678.67900337, "tid": 14722172, "type": "buy"}
{"amount": 0.00321767, "date": 1675893051, "price": 119708, "tid": 14722173, "type": "buy"}
{"amount": 0.05758132, "date": 1675893103, "price": 119688.18, "tid": 14722174, "type": "buy"}
{"amount": 0.15002879, "date": 1675893134, "price": 119694.86, "tid": 14722175, "type": "buy"}
{"amount": 0.00140502, "date": 1675893157, "price": 119725.14, "tid": 14722176, "type": "buy"}
{"amount": 0.00082605, "date": 1675893182, "price": 119733.99999999, "tid": 14722177, "type": "buy"}
{"amount": 0.04253643, "date": 1675893192, "price": 119734, "tid": 14722178, "type": "buy"}
{"amount": 0.0025, "date": 1675893282, "price": 119736.98960935, "tid": 14722179, "type": "buy"}
{"amount": 0.01387126, "date": 1675893282, "price": 119741.94, "tid": 14722180, "type": "buy"}
{"amount": 0.00116153, "date": 1675893288, "price": 119686.01633018, "tid": 14722181, "type": "sell"}
{"amount": 0.00050471, "date": 1675893303, "price": 119766.99999999, "tid": 14722182, "type": "buy"}
{"amount": 0.0041, "date": 1675893337, "price": 119676.16006405, "tid": 14722183, "type": "sell"}
{"amount": 0.0003795, "date": 1675893337, "price": 119676.1600402, "tid": 14722184, "type": "sell"}
{"amount": 0.00021699, "date": 1675893406, "price": 119669.57015391, "tid": 14722185, "type": "sell"}
{"amount": 0.0027, "date": 1675893406, "price": 119739.47363358, "tid": 14722186, "type": "buy"}
{"amount": 0.0026, "date": 1675893410, "price": 119739.47363357, "tid": 14722187, "type": "buy"}
{"amount": 0.0014432, "date": 1675893410, "price": 119795.01, "tid": 14722188, "type": "buy"}
{"amount": 0.0025, "date": 1675893414, "price": 119759.30730341, "tid": 14722189, "type": "buy"}
{"amount": 0.0027, "date": 1675893414, "price": 119759.30730342, "tid": 14722190, "type": "buy"}
{"amount": 0.0026, "date": 1675893414, "price": 119761.94954373, "tid": 14722191, "type": "buy"}
{"amount": 0.0021, "date": 1675893423, "price": 119773.4472768, "tid": 14722192, "type": "buy"}
{"amount": 0.0022, "date": 1675893423, "price": 119857.27999999, "tid": 14722193, "type": "buy"}
{"amount": 0.0019, "date": 1675893427, "price": 119772.31950816, "tid": 14722194, "type": "buy"}
{"amount": 0.0002, "date": 1675893427, "price": 119829, "tid": 14722195, "type": "buy"}
{"amount": 0.0019, "date": 1675893429, "price": 119829, "tid": 14722196, "type": "buy"}
{"amount": 0.00201886, "date": 1675893432, "price": 119722.83994323, "tid": 14722197, "type": "sell"}
{"amount": 0.00078642, "date": 1675893584, "price": 119731.50005001, "tid": 14722198, "type": "sell"}
{"amount": 1.828e-05, "date": 1675893694, "price": 119731.69000001, "tid": 14722199, "type": "sell"}
{"amount": 0.00055019, "date": 1675893719, "price": 119736.7012402, "tid": 14722200, "type": "sell"}
{"amount": 0.01759129, "date": 1675893744, "price": 119825.91, "tid": 14722201, "type": "buy"}
{"amount": 0.00024543, "date": 1675893749, "price": 119826, "tid": 14722202, "type": "buy"}
{"amount": 0.01386386, "date": 1675893749, "price": 119826, "tid": 14722203, "type": "buy"}
{"amount": 0.00248088, "date": 1675893762, "price": 119851, "tid": 14722204, "type": "buy"}
{"amount": 0.15000693, "date": 1675893764, "price": 119851, "tid": 14722205, "type": "buy"}
{"amount": 0.0116, "date": 1675893768, "price": 119836.61873762, "tid": 14722206, "type": "sell"}
{"amount": 0.0085, "date": 1675893768, "price": 119835.45741965, "tid": 14722207, "type": "sell"}
{"amount": 0.0043, "date": 1675893768, "price": 119834.28688017, "tid": 14722208, "type": "sell"}
{"amount": 0.00089771, "date": 1675893768, "price": 119825.91, "tid": 14722209, "type": "sell"}
{"amount": 0.02759003, "date": 1675893768, "price": 119731.50005, "tid": 14722210, "type": "sell"}
{"amount": 0.05000124, "date": 1675893785, "price": 119874, "tid": 14722211, "type": "buy"}
{"amount": 0.04024499, "date": 1675893786, "price": 119874, "tid": 14722212, "type": "buy"}
{"amount": 0.0032, "date": 1675893790, "price": 119881.33999999, "tid": 14722213, "type": "buy"}
{"amount": 0.10665013, "date": 1675893790, "price": 119881.34, "tid": 14722214, "type": "buy"}
{"amount": 0.0031, "date": 1675893793, "price": 119900.90123642, "tid": 14722215, "type": "buy"}
{"amount": 0.0029, "date": 1675893793, "price": 119900.9483098, "tid": 14722216, "type": "buy"}
{"amount": 0.00069041, "date": 1675893793, "price": 119904, "tid": 14722217, "type": "buy"}
{"amount": 1.276e-05, "date": 1675893914, "price": 119831.28129572, "tid": 14722218, "type": "buy"}
{"amount": 0.00015871, "date": 1675893941, "price": 119721.02068639, "tid": 14722219, "type": "sell"}
{"amount": 0.00259189, "date": 1675894082, "price": 119668.83614613, "tid": 14722220, "type": "sell"}
{"amount": 0.0038, "date": 1675894094, "price": 119668.23005001, "tid": 14722221, "type": "sell"}
{"amount": 0.00032593, "date": 1675894094, "price": 119668.23005001, "tid": 14722222, "type": "sell"}
{"amount": 0.0031, "date": 1675894098, "price": 119753.50136524, "tid": 14722223, "type": "buy"}
{"amount": 0.0011261, "date": 1675894098, "price": 119755.69500956, "tid": 14722224, "type": "buy"}
{"amount": 0.00150301, "date": 1675894152, "price": 119759.5201203, "tid": 14722225, "type": "buy"}
{"amount": 0.003, "date": 1675894213, "price": 119781.07653518, "tid": 14722226, "type": "buy"}
{"amount": 0.03123496, "date": 1675894213, "price": 119818, "tid": 14722227, "type": "buy"}
{"amount": 0.00210132, "date": 1675894254, "price": 119763.2163055, "tid": 14722228, "type": "buy"}
{"amount": 0.0039, "date": 1675894297, "price": 119708.28611764, "tid": 14722229, "type": "sell"}
{"amount": 0.00050085, "date": 1675894309, "price": 119794.16664926, "tid": 14722230, "type": "buy"}
{"amount": 8.181e-05, "date": 1675894317, "price": 119794.16664926, "tid": 14722231, "type": "buy"}
{"amount": 0.00042, "date": 1675894369, "price": 119827.78262155, "tid": 14722232, "type": "buy"}
{"amount": 1.259e-05, "date": 1675894408, "price": 119847.06999999, "tid": 14722233, "type": "buy"}
{"amount": 0.00015546, "date": 1675894414, "price": 119847.06999999, "tid": 14722234, "type": "buy"}
{"amount": 0.00040485, "date": 1675894467, "price": 119840, "tid": 14722235, "type": "sell"}
{"amount": 0.00038934, "date": 1675894544, "price": 119840, "tid": 14722236, "type": "sell"}
{"amount": 0.00126, "date": 1675894590, "price": 119847.06999999, "tid": 14722237, "type": "buy"}
{"amount": 6.67e-06, "date": 1675894594, "price": 119847.06999999, "tid": 14722238, "type": "buy"}
{"amount": 8.344e-05, "date": 1675894610, "price": 119840.00000001, "tid": 14722239, "type": "buy"}
{"amount": 1.353e-05, "date": 1675894629, "price": 119840, "tid": 14722240, "type": "sell"}
{"amount": 0.00034782, "date": 1675894678, "price": 119840, "tid": 14722241, "type": "sell"}
{"amount": 0.00125, "date": 1675894719, "price": 119840.00000001, "tid": 14722242, "type": "buy"}
{"amount": 0.00083, "date": 1675894818, "price": 119840.00000001, "tid": 14722243, "type": "buy"}
{"amount": 0.00042, "date": 1675894894, "price": 119840.00000001, "tid": 14722244, "type": "buy"}
{"amount": 0.00165236, "date": 1675894906, "price": 119840.00000001, "tid": 14722245, "type": "buy"}
{"amount": 8.344e-05, "date": 1675894922, "price": 119840.00000001, "tid": 14722246, "type": "buy"}
{"amount": 0.00041, "date": 1675894992, "price": 119840.00000001, "tid": 14722247, "type": "buy"}
{"amount": 0.00042, "date": 1675895055, "price": 119840.00000001, "tid": 14722248, "type": "buy"}
{"amount": 3.035e-05, "date": 1675895162, "price": 119840.01, "tid": 14722249, "type": "buy"}
{"amount": 0.0049571, "date": 1675895283, "price": 119840.01, "tid": 14722250, "type": "buy"}
{"amount": 7.852e-05, "date": 1675895318, "price": 119840.01, "tid": 14722251, "type": "buy"}
{"amount": 0.000105, "date": 1675895320, "price": 119840.01, "tid": 14722252, "type": "buy"}
{"amount": 0.00050072, "date": 1675895331, "price": 119840, "tid": 14722253, "type": "sell"}
{"amount": 0.0039, "date": 1675895413, "price": 119842.54809515, "tid": 14722254, "type": "sell"}
{"amount": 0.0133, "date": 1675895413, "price": 119840.00090001, "tid": 14722255, "type": "sell"}
{"amount": 0.00065657, "date": 1675895413, "price": 119840.00090001, "tid": 14722256, "type": "sell"}
{"amount": 4.058e-05, "date": 1675895532, "price": 119840.00090001, "tid": 14722257, "type": "sell"}
{"amount": 1e-05, "date": 1675895556, "price": 119840.01, "tid": 14722258, "type": "buy"}
{"amount": 0.00084611, "date": 1675895560, "price": 119840.0009, "tid": 14722259, "type": "sell"}
{"amount": 0.00123927, "date": 1675895571, "price": 119840.01, "tid": 14722260, "type": "buy"}
{"amount": 5.789e-05, "date": 1675895593, "price": 119840.0009, "tid": 14722261, "type": "sell"}
{"amount": 0.0220825, "date": 1675895656, "price": 119840.0009, "tid": 14722262, "type": "sell"}
{"amount": 0.00025992, "date": 1675895661, "price": 119840.01, "tid": 14722263, "type": "buy"}
{"amount": 0.0001, "date": 1675895675, "price": 119840.0009, "tid": 14722264, "type": "sell"}
{"amount": 0.01024155, "date": 1675895713, "price": 119840.01, "tid": 14722265, "type": "buy"}
{"amount": 0.00026326, "date": 1675895764, "price": 119840.01, "tid": 14722266, "type": "buy"}
{"amount": 0.0006008, "date": 1675895840, "price": 119840.01, "tid": 14722267, "type": "buy"}
{"amount": 0.00026902, "date": 1675895879, "price": 119840.00999999, "tid": 14722268, "type": "buy"}
{"amount": 0.00306823, "date": 1675895996, "price": 119840.0009, "tid": 14722269, "type": "sell"}
{"amount": 0.00062345, "date": 1675896085, "price": 119840.0009, "tid": 14722270, "type": "sell"}
{"amount": 0.00024535, "date": 1675896086, "price": 119840.01, "tid": 14722271, "type": "buy"}
{"amount": 6e-05, "date": 1675896121, "price": 119840.00090001, "tid": 14722272, "type": "sell"}
{"amount": 3.07e-05, "date": 1675896227, "price": 119840.01, "tid": 14722273, "type": "buy"}
{"amount": 0.01036081, "date": 1675896239, "price": 119840.01, "tid": 14722274, "type": "buy"}
{"amount": 0.00048537, "date": 1675896265, "price": 119840.00999999, "tid": 14722275, "type": "sell"}
{"amount": 4.172e-05, "date": 1675896313, "price": 119840.01, "tid": 14722276, "type": "buy"}
{"amount": 0.00376291, "date": 1675896423, "price": 119840.00999999, "tid": 14722277, "type": "sell"}
{"amount": 0.00082618, "date": 1675896445, "price": 119840.01, "tid": 14722278, "type": "buy"}
{"amount": 0.00042, "date": 1675896447, "price": 119840.01, "tid": 14722279, "type": "buy"}
{"amount": 0.01940086, "date": 1675896490, "price": 119840.01, "tid": 14722280, "type": "buy"}
{"amount": 2.467e-05, "date": 1675896509, "price": 119841.9628219, "tid": 14722281, "type": "sell"}
{"amount": 0.004, "date": 1675896569, "price": 119843.52537513, "tid": 14722282, "type": "sell"}
{"amount": 0.0092, "date": 1675896569, "price": 119840.11016001, "tid": 14722283, "type": "sell"}
{"amount": 0.02091332, "date": 1675896569, "price": 119840.11016, "tid": 14722284, "type": "sell"}
{"amount": 0.00647627, "date": 1675896569, "price": 119840.11011966, "tid": 14722285, "type": "sell"}
{"amount": 0.0006245, "date": 1675896598, "price": 119840.11016001, "tid": 14722286, "type": "sell"}
{"amount": 0.00082595, "date": 1675896600, "price": 119874, "tid": 14722287, "type": "buy"}
{"amount": 0.001, "date": 1675896644, "price": 119840.19353308, "tid": 14722288, "type": "sell"}
{"amount": 0.00039721, "date": 1675896669, "price": 119840.19353308, "tid": 14722289, "type": "sell"}
{"amount": 0.03030068, "date": 1675896678, "price": 119840.0009, "tid": 14722290, "type": "sell"}
{"amount": 0.00018107, "date": 1675896688, "price": 119840.1935331, "tid": 14722291, "type": "buy"}
{"amount": 0.00334, "date": 1675896910, "price": 119840.00090001, "tid": 14722292, "type": "buy"}
{"amount": 0.00055204, "date": 1675896911, "price": 119840.00090001, "tid": 14722293, "type": "buy"}
{"amount": 0.00018401, "date": 1675896949, "price": 119840.00090001, "tid": 14722294, "type": "buy"}
{"amount": 0.001, "date": 1675896976, "price": 119840.0009, "tid": 14722295, "type": "sell"}
{"amount": 3.946e-05, "date": 1675896999, "price": 119840.00090001, "tid": 14722296, "type": "buy"}
{"amount": 7.299e-05, "date": 1675897009, "price": 119840.0009, "tid": 14722297, "type": "sell"}
{"amount": 0.00020863, "date": 1675897038, "price": 119840.0009, "tid": 14722298, "type": "sell"}
{"amount": 0.00707952, "date": 1675897150, "price": 119840.0009, "tid": 14722299, "type": "sell"}
{"amount": 0.00135755, "date": 1675897150, "price": 119840, "tid": 14722300, "type": "sell"}
{"amount": 0.0005, "date": 1675897162, "price": 119840, "tid": 14722301, "type": "sell"}
{"amount": 0.00155492, "date": 1675897226, "price": 119840, "tid": 14722302, "type": "sell"}
{"amount": 0.00010021, "date": 1675897254, "price": 119840.00000001, "tid": 14722303, "type": "buy"}
{"amount": 0.02408527, "date": 1675897266, "price": 119840, "tid": 14722304, "type": "sell"}
{"amount": 0.01084779, "date": 1675897266, "price": 119840, "tid": 14722305, "type": "sell"}
{"amount": 0.00437767, "date": 1675897266, "price": 119840, "tid": 14722306, "type": "sell"}
{"amount": 0.0016689, "date": 1675897266, "price": 119840, "tid": 14722307, "type": "sell"}
{"amount": 0.0044, "date": 1675897266, "price": 119828.64450211, "tid": 14722308, "type": "sell"}
{"amount": 0.00203486, "date": 1675897266, "price": 119783.01799991, "tid": 14722309, "type": "sell"}
{"amount": 0.00107341, "date": 1675897462, "price": 119611.04999999, "tid": 14722310, "type": "sell"}
{"amount": 0.0001003, "date": 1675897525, "price": 119629.15, "tid": 14722311, "type": "buy"}
{"amount": 0.00016743, "date": 1675897533, "price": 119629.15, "tid": 14722312, "type": "buy"}
{"amount": 0.00089751, "date": 1675897549, "price": 119572.07218783, "tid": 14722313, "type": "sell"}
{"amount": 9.199e-05, "date": 1675897566, "price": 119577.10848314, "tid": 14722314, "type": "buy"}
{"amount": 8.373e-05, "date": 1675897582, "price": 119546.1458423, "tid": 14722315, "type": "buy"}
{"amount": 0.0040739, "date": 1675897590, "price": 119460.38325479, "tid": 14722316, "type": "sell"}
{"amount": 0.0039, "date": 1675897602, "price": 119515.65768748, "tid": 14722317, "type": "buy"}
{"amount": 0.00486632, "date": 1675897602, "price": 119516.33078802, "tid": 14722318, "type": "buy"}
{"amount": 0.00115438, "date": 1675897612, "price": 119537.64522379, "tid": 14722319, "type": "buy"}
{"amount": 0.00264562, "date": 1675897641, "price": 119537.64522379, "tid": 14722320, "type": "buy"}
{"amount": 0.00555495, "date": 1675897641, "price": 119571.57964418, "tid": 14722321, "type": "buy"}
{"amount": 0.00186834, "date": 1675897646, "price": 119549.7995224, "tid": 14722322, "type": "buy"}
{"amount": 0.00077511, "date": 1675897654, "price": 119470.55100958, "tid": 14722323, "type": "sell"}
{"amount": 0.0001673, "date": 1675897664, "price": 119541.23556996, "tid": 14722324, "type": "buy"}
{"amount": 0.00100345, "date": 1675897688, "price": 119475.30797284, "tid": 14722325, "type": "buy"}
{"amount": 0.00790262, "date": 1675897718, "price": 119460.41493054, "tid": 14722326, "type": "sell"}
{"amount": 0.00260569, "date": 1675897755, "price": 119460.41493055, "tid": 14722327, "type": "buy"}
{"amount": 8.203e-05, "date": 1675897779, "price": 119470.16570523, "tid": 14722328, "type": "buy"}
{"amount": 0.00050718, "date": 1675897790, "price": 119460.22, "tid": 14722329, "type": "sell"}
{"amount": 8.369e-05, "date": 1675897934, "price": 119480, "tid": 14722330, "type": "buy"}
{"amount": 0.00167392, "date": 1675897936, "price": 119480, "tid": 14722331, "type": "buy"}
{"amount": 0.09434214, "date": 1675897956, "price": 119480, "tid": 14722332, "type": "buy"}
{"amount": 6.78e-06, "date": 1675897968, "price": 119460.23, "tid": 14722333, "type": "buy"}
{"amount": 0.07550358, "date": 1675897995, "price": 119460.22, "tid": 14722334, "type": "sell"}
{"amount": 0.00026159, "date": 1675898046, "price": 119460.22000001, "tid": 14722335, "type": "buy"}
{"amount": 0.00082795, "date": 1675898070, "price": 119460.22000001, "tid": 14722336, "type": "buy"}
{"amount": 9.902e-05, "date": 1675898075, "price": 119460.22000001, "tid": 14722337, "type": "buy"}
{"amount": 4.12e-05, "date": 1675898113, "price": 119460.22, "tid": 14722338, "type": "sell"}
{"amount": 0.00241144, "date": 1675898124, "price": 119460.22000001, "tid": 14722339, "type": "buy"}
{"amount": 0.02668192, "date": 1675898124, "price": 119460.23, "tid": 14722340, "type": "buy"}
{"amount": 0.00135661, "date": 1675898146, "price": 119460.22, "tid": 14722341, "type": "sell"}
{"amount": 0.022527, "date": 1675898155, "price": 119460.22, "tid": 14722342, "type": "sell"}
{"amount": 8.372e-05, "date": 1675898190, "price": 119460.22, "tid": 14722343, "type": "sell"}
{"amount": 0.00016323, "date": 1675898192, "price": 119460.22999999, "tid": 14722344, "type": "buy"}
{"amount": 0.00020511, "date": 1675898275, "price": 119460.23, "tid": 14722345, "type": "buy"}
{"amount": 0.00123606, "date": 1675898395, "price": 119460.22000001, "tid": 14722346, "type": "buy"}
{"amount": 0.0004484, "date": 1675898475, "price": 119460.22, "tid": 14722347, "type": "sell"}
{"amount": 0.00295994, "date": 1675898727, "price": 119530.09371273, "tid": 14722348, "type": "sell"}
{"amount": 7.69e-06, "date": 1675898811, "price": 119515.56, "tid": 14722349, "type": "buy"}
{"amount": 6.149e-05, "date": 1675898854, "price": 119515.56, "tid": 14722350, "type": "buy"}
{"amount": 0.00015933, "date": 1675898875, "price": 119511.58041742, "tid": 14722351, "type": "sell"}
{"amount": 0.00025103, "date": 1675899008, "price": 119504.46575353, "tid": 14722352, "type": "buy"}
{"amount": 2.435e-05, "date": 1675899035, "price": 119518.69, "tid": 14722353, "type": "buy"}
{"amount": 0.00122118, "date": 1675899140, "price": 119571.93763798, "tid": 14722354, "type": "buy"}
{"amount": 0.0036, "date": 1675899213, "price": 119578.10725259, "tid": 14722355, "type": "buy"}
{"amount": 0.00470413, "date": 1675899213, "price": 119579.54, "tid": 14722356, "type": "buy"}
{"amount": 0.00167252, "date": 1675899221, "price": 119579.53999999, "tid": 14722357, "type": "buy"}
{"amount": 0.01672526, "date": 1675899254, "price": 119579.54, "tid": 14722358, "type": "buy"}
{"amount": 0.00089106, "date": 1675899279, "price": 119598.00116579, "tid": 14722359, "type": "buy"}
{"amount": 0.0043, "date": 1675899325, "price": 119561.89993149, "tid": 14722360, "type": "sell"}
{"amount": 0.00131286, "date": 1675899325, "price": 119546.79000327, "tid": 14722361, "type": "sell"}
{"amount": 0.00905135, "date": 1675899349, "price": 119603.1, "tid": 14722362, "type": "buy"}
{"amount": 0.00223774, "date": 1675899390, "price": 119561.80578474, "tid": 14722363, "type": "sell"}
{"amount": 0.0037, "date": 1675899554, "price": 119616.71019591, "tid": 14722364, "type": "buy"}
{"amount": 0.0075, "date": 1675899554, "price": 119661.22999999, "tid": 14722365, "type": "buy"}
{"amount": 0.02697414, "date": 1675899554, "price": 119661.23, "tid": 14722366, "type": "buy"}
{"amount": 0.0029, "date": 1675899643, "price": 119656.48439327, "tid": 14722367, "type": "buy"}
{"amount": 0.00026689, "date": 1675899643, "price": 119686, "tid": 14722368, "type": "buy"}
{"amount": 0.00019481, "date": 1675899775, "price": 119573.73629774, "tid": 14722369, "type": "sell"}
{"amount": 0.0029, "date": 1675899778, "price": 119624.55258911, "tid": 14722370, "type": "buy"}
{"amount": 0.00400792, "date": 1675899778, "price": 119718.27555716, "tid": 14722371, "type": "buy"}
{"amount": 0.00211233, "date": 1675899815, "price": 119572.18587245, "tid": 14722372, "type": "sell"}
{"amount": 0.0027, "date": 1675899863, "price": 119670.25456436, "tid": 14722373, "type": "buy"}
{"amount": 0.19111353, "date": 1675899863, "price": 119672.2, "tid": 14722374, "type": "buy"}
{"amount": 0.000372, "date": 1675899875, "price": 119573.78005001, "tid": 14722375, "type": "sell"}
{"amount": 0.00040953, "date": 1675899947, "price": 119659.48, "tid": 14722376, "type": "buy"}
{"amount": 0.00047597, "date": 1675899986, "price": 119659.48, "tid": 14722377, "type": "buy"}
{"amount": 0.00027834, "date": 1675900080, "price": 119650, "tid": 14722378, "type": "sell"}
{"amount": 8.144e-05, "date": 1675900247, "price": 119650, "tid": 14722379, "type": "sell"}
{"amount": 0.0042, "date": 1675900293, "price": 119650.00000001, "tid": 14722380, "type": "sell"}
{"amount": 8.09e-05, "date": 1675900373, "price": 119600.89, "tid": 14722381, "type": "buy"}
{"amount": 0.00082657, "date": 1675900459, "price": 119600.89, "tid": 14722382, "type": "buy"}
{"amount": 5.474e-05, "date": 1675900487, "price": 119650, "tid": 14722383, "type": "sell"}
{"amount": 0.00206407, "date": 1675900492, "price": 119650, "tid": 14722384, "type": "sell"}
{"amount": 0.00063898, "date": 1675900493, "price": 119650, "tid": 14722385, "type": "sell"}
{"amount": 0.00020902, "date": 1675900516, "price": 119600.89, "tid": 14722386, "type": "buy"}
{"amount": 0.01328418, "date": 1675900546, "price": 119600.89, "tid": 14722387, "type": "buy"}
{"amount": 0.00026755, "date": 1675900568, "price": 119600.89, "tid": 14722388, "type": "buy"}
{"amount": 0.00103885, "date": 1675900595, "price": 119650, "tid": 14722389, "type": "sell"}
{"amount": 0.05428658, "date": 1675900611, "price": 119650, "tid": 14722390, "type": "sell"}
{"amount": 0.23656209, "date": 1675900611, "price": 119460.75, "tid": 14722391, "type": "sell"}
{"amount": 0.00207543, "date": 1675900611, "price": 119460.75, "tid": 14722392, "type": "sell"}
{"amount": 0.01623, "date": 1675900611, "price": 119460.73901701, "tid": 14722393, "type": "sell"}
{"amount": 0.01791, "date": 1675900611, "price": 119460.71921966, "tid": 14722394, "type": "sell"}
{"amount": 0.01136247, "date": 1675900611, "price": 119460.61, "tid": 14722395, "type": "sell"}
{"amount": 0.01623, "date": 1675900611, "price": 119460.41097107, "tid": 14722396, "type": "sell"}
{"amount": 0.01716, "date": 1675900611, "price": 119460.40491541, "tid": 14722397, "type": "sell"}
{"amount": 0.05377821, "date": 1675900611, "price": 119460.40008, "tid": 14722398, "type": "sell"}
{"amount": 0.06949644, "date": 1675900611, "price": 119460.22, "tid": 14722399, "type": "sell"}
{"amount": 0.00187042, "date": 1675900618, "price": 119600.89, "tid": 14722400, "type": "buy"}
{"amount": 0.0044, "date": 1675900650, "price": 119570.40318993, "tid": 14722401, "type": "sell"}
{"amount": 0.0083, "date": 1675900650, "price": 119553.94000001, "tid": 14722402, "type": "sell"}
{"amount": 0.0117, "date": 1675900650, "price": 119553.94000001, "tid": 14722403, "type": "sell"}
{"amount": 0.0052027, "date": 1675900650, "price": 119553.94, "tid": 14722404, "type": "sell"}
{"amount": 0.00719154, "date": 1675900650, "price": 119460.22005, "tid": 14722405, "type": "sell"}
{"amount": 0.04856892, "date": 1675900650, "price": 119460.22, "tid": 14722406, "type": "sell"}
{"amount": 9.371e-05, "date": 1675900650, "price": 119400, "tid": 14722407, "type": "sell"}
{"amount": 0.00822488, "date": 1675900650, "price": 119364.5, "tid": 14722408, "type": "sell"}
{"amount": 0.08361141, "date": 1675900769, "price": 119600.89, "tid": 14722409, "type": "buy"}
{"amount": 0.00042, "date": 1675900813, "price": 119600.89, "tid": 14722410, "type": "buy"}
{"amount": 0.00123469, "date": 1675900862, "price": 119600.89, "tid": 14722411, "type": "buy"}
{"amount": 0.00041805, "date": 1675900887, "price": 119600.89, "tid": 14722412, "type": "buy"}
{"amount": 0.08760061, "date": 1675900945, "price": 119600.89, "tid": 14722413, "type": "buy"}
{"amount": 0.03493379, "date": 1675900951, "price": 119600.89, "tid": 14722414, "type": "buy"}
{"amount": 0.01357746, "date": 1675900957, "price": 119600.89, "tid": 14722415, "type": "buy"}
{"amount": 0.00051, "date": 1675900995, "price": 119600.89, "tid": 14722416, "type": "buy"}
{"amount": 0.00359999, "date": 1675901026, "price": 119600.89, "tid": 14722417, "type": "buy"}
{"amount": 0.00027124, "date": 1675901068, "price": 119600.89, "tid": 14722418, "type": "buy"}
{"amount": 0.01199609, "date": 1675901080, "price": 119595.89, "tid": 14722419, "type": "sell"}
{"amount": 0.02182678, "date": 1675901089, "price": 119600.89, "tid": 14722420, "type": "buy"}
{"amount": 0.00167, "date": 1675901095, "price": 119600.89, "tid": 14722421, "type": "buy"}
{"amount": 0.00810976, "date": 1675901099, "price": 119595.89000001, "tid": 14722422, "type": "sell"}
{"amount": 0.02154091, "date": 1675901117, "price": 119600.89, "tid": 14722423, "type": "buy"}
{"amount": 0.12848077, "date": 1675901121, "price": 119600.89, "tid": 14722424, "type": "buy"}
{"amount": 0.0043305, "date": 1675901127, "price": 119597.94313513, "tid": 14722425, "type": "sell"}
{"amount": 0.00552566, "date": 1675901132, "price": 119600.89, "tid": 14722426, "type": "buy"}
{"amount": 0.0038, "date": 1675901132, "price": 119714.95694815, "tid": 14722427, "type": "buy"}
{"amount": 0.00367858, "date": 1675901132, "price": 119740.15999999, "tid": 14722428, "type": "buy"}
{"amount": 0.0043, "date": 1675901137, "price": 119728.52331766, "tid": 14722429, "type": "buy"}
{"amount": 0.04047649, "date": 1675901137, "price": 119740.16, "tid": 14722430, "type": "buy"}
{"amount": 0.0037, "date": 1675901141, "price": 119735.45081981, "tid": 14722431, "type": "buy"}
{"amount": 0.01862238, "date": 1675901141, "price": 119749.89, "tid": 14722432, "type": "buy"}
{"amount": 0.0039, "date": 1675901147, "price": 119749.88999998, "tid": 14722433, "type": "buy"}
{"amount": 0.0036, "date": 1675901147, "price": 119761.810347, "tid": 14722434, "type": "buy"}
{"amount": 0.01345116, "date": 1675901147, "price": 119768.59, "tid": 14722435, "type": "buy"}
{"amount": 0.0037, "date": 1675901148, "price": 119749.88999997, "tid": 14722436, "type": "buy"}
{"amount": 9.998e-05, "date": 1675901148, "price": 119761.65359529, "tid": 14722437, "type": "buy"}
{"amount": 0.0029, "date": 1675901151, "price": 119768.58999998, "tid": 14722438, "type": "buy"}
{"amount": 0.04616047, "date": 1675901151, "price": 119778.44, "tid": 14722439, "type": "buy"}
{"amount": 0.00042, "date": 1675901153, "price": 119771.65998008, "tid": 14722440, "type": "buy"}
{"amount": 0.0029, "date": 1675901163, "price": 119771.57935134, "tid": 14722441, "type": "buy"}
{"amount": 0.00910176, "date": 1675901163, "price": 119780.06, "tid": 14722442, "type": "buy"}
{"amount": 0.0032, "date": 1675901165, "price": 119777.18537707, "tid": 14722443, "type": "buy"}
{"amount": 0.00810617, "date": 1675901165, "price": 119780.06, "tid": 14722444, "type": "buy"}
{"amount": 0.00152792, "date": 1675901169, "price": 119777.17216068, "tid": 14722445, "type": "buy"}
{"amount": 0.0027, "date": 1675901253, "price": 119727.26999999, "tid": 14722446, "type": "buy"}
{"amount": 0.01504986, "date": 1675901253, "price": 119727.27, "tid": 14722447, "type": "buy"}
{"amount": 0.00510791, "date": 1675901257, "price": 119727.27, "tid": 14722448, "type": "buy"}
{"amount": 0.17891476, "date": 1675901259, "price": 119727.27, "tid": 14722449, "type": "buy"}
{"amount": 0.0026, "date": 1675901261, "price": 119727.26999999, "tid": 14722450, "type": "buy"}
{"amount": 0.00240255, "date": 1675901261, "price": 119727.27, "tid": 14722451, "type": "buy"}
{"amount": 0.04852492, "date": 1675901262, "price": 119727.27, "tid": 14722452, "type": "buy"}
{"amount": 0.00249201, "date": 1675901262, "price": 119777.78664932, "tid": 14722453, "type": "buy"}
{"amount": 0.0023, "date": 1675901289, "price": 119811.8159982, "tid": 14722454, "type": "buy"}
{"amount": 0.0082, "date": 1675901354, "price": 119739.28214474, "tid": 14722455, "type": "buy"}
{"amount": 0.0042, "date": 1675901354, "price": 119784.79026081, "tid": 14722456, "type": "buy"}
{"amount": 0.0081, "date": 1675901354, "price": 119784.79026081, "tid": 14722457, "type": "buy"}
{"amount": 0.0038, "date": 1675901354, "price": 119829.72965707, "tid": 14722458, "type": "buy"}
{"amount": 0.00043775, "date": 1675901354, "price": 119861.09212357, "tid": 14722459, "type": "buy"}
{"amount": 0.00633392, "date": 1675901396, "price": 119846.76099603, "tid": 14722460, "type": "sell"}
{"amount": 0.0009, "date": 1675901453, "price": 119927.68560955, "tid": 14722461, "type": "buy"}
{"amount": 0.0009, "date": 1675901453, "price": 119927.68561012, "tid": 14722462, "type": "buy"}
{"amount": 0.01698, "date": 1675901453, "price": 119944.80688084, "tid": 14722463, "type": "buy"}
{"amount": 0.00122945, "date": 1675901453, "price": 119944.88731504, "tid": 14722464, "type": "buy"}
{"amount": 9e-05, "date": 1675901472, "price": 119895.69858233, "tid": 14722465, "type": "buy"}
{"amount": 0.0136, "date": 1675901500, "price": 119870.47843819, "tid": 14722466, "type": "sell"}
{"amount": 0.00025727, "date": 1675901500, "price": 119863.0637451, "tid": 14722467, "type": "sell"}
{"amount": 0.00015994, "date": 1675901538, "price": 119856.44781772, "tid": 14722468, "type": "buy"}
{"amount": 0.00204006, "date": 1675901550, "price": 119856.44781772, "tid": 14722469, "type": "buy"}
{"amount": 0.00452332, "date": 1675901550, "price": 119910.8578277, "tid": 14722470, "type": "buy"}
{"amount": 0.00028617, "date": 1675901563, "price": 119867.05169635, "tid": 14722471, "type": "buy"}
{"amount": 0.0043, "date": 1675901658, "price": 119701.45759679, "tid": 14722472, "type": "sell"}
{"amount": 0.0135, "date": 1675901658, "price": 119701.41114134, "tid": 14722473, "type": "sell"}
{"amount": 0.00219741, "date": 1675901658, "price": 119701.39257747, "tid": 14722474, "type": "sell"}
{"amount": 0.00027071, "date": 1675901674, "price": 119758.79420917, "tid": 14722475, "type": "buy"}
{"amount": 0.0029, "date": 1675901722, "price": 119736.39063499, "tid": 14722476, "type": "buy"}
{"amount": 0.00352963, "date": 1675901722, "price": 119775.52264386, "tid": 14722477, "type": "buy"}
{"amount": 0.00107775, "date": 1675901729, "price": 119742.37773952, "tid": 14722478, "type": "buy"}
{"amount": 0.00172225, "date": 1675901753, "price": 119742.37773952, "tid": 14722479, "type": "buy"}
{"amount": 0.00245272, "date": 1675901753, "price": 119774.93742412, "tid": 14722480, "type": "buy"}
{"amount": 0.0041, "date": 1675901849, "price": 119693.51331893, "tid": 14722481, "type": "sell"}
{"amount": 0.00251077, "date": 1675901849, "price": 119684.06776178, "tid": 14722482, "type": "sell"}
{"amount": 0.00041744, "date": 1675901871, "price": 119775.83999999, "tid": 14722483, "type": "buy"}
{"amount": 0.00042915, "date": 1675901896, "price": 119688.10180594, "tid": 14722484, "type": "sell"}
{"amount": 0.0039, "date": 1675901949, "price": 119620.21349595, "tid": 14722485, "type": "sell"}
{"amount": 0.0043, "date": 1675901949, "price": 119620.11754832, "tid": 14722486, "type": "sell"}
{"amount": 0.0079, "date": 1675901949, "price": 119605.88958177, "tid": 14722487, "type": "sell"}
{"amount": 0.00395849, "date": 1675901949, "price": 119605.79860271, "tid": 14722488, "type": "sell"}
{"amount": 0.00083548, "date": 1675901954, "price": 119690.41112073, "tid": 14722489, "type": "buy"}
{"amount": 0.01633393, "date": 1675901972, "price": 119596.56, "tid": 14722490, "type": "sell"}
{"amount": 0.0043, "date": 1675901972, "price": 119596.15946804, "tid": 14722491, "type": "sell"}
{"amount": 0.0042, "date": 1675901972, "price": 119596.15946603, "tid": 14722492, "type": "sell"}
{"amount": 0.0045, "date": 1675901972, "price": 119596.15946601, "tid": 14722493, "type": "sell"}
{"amount": 0.0089, "date": 1675901972, "price": 119563.8659148, "tid": 14722494, "type": "sell"}
{"amount": 0.0137, "date": 1675901972, "price": 119532.82858565, "tid": 14722495, "type": "sell"}
{"amount": 0.02184255, "date": 1675901972, "price": 119484.72005, "tid": 14722496, "type": "sell"}
{"amount": 0.00443, "date": 1675901972, "price": 119484.575, "tid": 14722497, "type": "sell"}
{"amount": 0.00739536, "date": 1675901972, "price": 119453.12948283, "tid": 14722498, "type": "sell"}
{"amount": 0.00112362, "date": 1675901977, "price": 119684.47235437, "tid": 14722499, "type": "buy"}
{"amount": 0.0045, "date": 1675901997, "price": 119650.58724049, "tid": 14722500, "type": "buy"}
{"amount": 0.00780056, "date": 1675901997, "price": 119651.51933117, "tid": 14722501, "type": "buy"}
{"amount": 0.00016376, "date": 1675902001, "price": 119692.49736381, "tid": 14722502, "type": "buy"}
{"amount": 0.0043, "date": 1675902003, "price": 119678.38892182, "tid": 14722503, "type": "buy"}
{"amount": 0.0042, "date": 1675902003, "price": 119678.39150501, "tid": 14722504, "type": "buy"}
{"amount": 0.008, "date": 1675902003, "price": 119715.20845653, "tid": 14722505, "type": "buy"}
{"amount": 0.00820615, "date": 1675902003, "price": 119715.20857986, "tid": 14722506, "type": "buy"}
{"amount": 0.0041, "date": 1675902004, "price": 119678.00730985, "tid": 14722507, "type": "buy"}
{"amount": 0.0001, "date": 1675902004, "price": 119714.8255728, "tid": 14722508, "type": "buy"}
{"amount": 0.0032, "date": 1675902007, "price": 119704.88370382, "tid": 14722509, "type": "buy"}
{"amount": 0.0008, "date": 1675902007, "price": 119704.88370422, "tid": 14722510, "type": "buy"}
{"amount": 0.0002172, "date": 1675902010, "price": 119703.85873907, "tid": 14722511, "type": "buy"}
{"amount": 0.0046, "date": 1675902065, "price": 119553.22212845, "tid": 14722512, "type": "sell"}
{"amount": 0.0038, "date": 1675902065, "price": 119553.21626233, "tid": 14722513, "type": "sell"}
{"amount": 0.0082, "date": 1675902065, "price": 119533.29000001, "tid": 14722514, "type": "sell"}
{"amount": 0.00057517, "date": 1675902065, "price": 119533.29000001, "tid": 14722515, "type": "sell"}
{"amount": 0.01152483, "date": 1675902065, "price": 119533.29000001, "tid": 14722516, "type": "sell"}
{"amount": 0.006628, "date": 1675902065, "price": 119533.29, "tid": 14722517, "type": "sell"}
{"amount": 0.01184717, "date": 1675902065, "price": 119408.29, "tid": 14722518, "type": "sell"}
{"amount": 2.481e-05, "date": 1675902073, "price": 119613.88174607, "tid": 14722519, "type": "buy"}
{"amount": 0.0039, "date": 1675902075, "price": 119524.22644455, "tid": 14722520, "type": "sell"}
{"amount": 0.0043, "date": 1675902075, "price": 119524.10587748, "tid": 14722521, "type": "sell"}
{"amount": 0.0039, "date": 1675902075, "price": 119524.10587414, "tid": 14722522, "type": "sell"}
{"amount": 0.0082, "date": 1675902075, "price": 119475.5154002, "tid": 14722523, "type": "sell"}
{"amount": 0.0071, "date": 1675902075, "price": 119475.31344949, "tid": 14722524, "type": "sell"}
{"amount": 0.00662799, "date": 1675902075, "price": 119432.95, "tid": 14722525, "type": "sell"}
{"amount": 0.00204205, "date": 1675902075, "price": 119432.8640099, "tid": 14722526, "type": "sell"}
{"amount": 0.004, "date": 1675902078, "price": 119585.43272884, "tid": 14722527, "type": "buy"}
{"amount": 0.0086, "date": 1675902078, "price": 119585.4330018, "tid": 14722528, "type": "buy"}
{"amount": 0.0119, "date": 1675902078, "price": 119585.4330018, "tid": 14722529, "type": "buy"}
{"amount": 0.0135, "date": 1675902078, "price": 119585.43586713, "tid": 14722530, "type": "buy"}
{"amount": 0.00789999, "date": 1675902078, "price": 119585.43586713, "tid": 14722531, "type": "buy"}
{"amount": 1.003e-05, "date": 1675902079, "price": 119585.06765399, "tid": 14722532, "type": "buy"}
{"amount": 0.0042, "date": 1675902083, "price": 119582.60531766, "tid": 14722533, "type": "buy"}
{"amount": 0.004, "date": 1675902083, "price": 119626.08017066, "tid": 14722534, "type": "buy"}
{"amount": 0.004, "date": 1675902083, "price": 119626.08019049, "tid": 14722535, "type": "buy"}
{"amount": 0.0033, "date": 1675902094, "price": 119662.56619972, "tid": 14722536, "type": "buy"}
{"amount": 0.0031, "date": 1675902094, "price": 119662.56824209, "tid": 14722537, "type": "buy"}
{"amount": 0.003, "date": 1675902094, "price": 119662.58465549, "tid": 14722538, "type": "buy"}
{"amount": 0.00291845, "date": 1675902094, "price": 119723.87999999, "tid": 14722539, "type": "buy"}
{"amount": 1.002e-05, "date": 1675902101, "price": 119657.2693486, "tid": 14722540, "type": "buy"}
{"amount": 0.00083, "date": 1675902194, "price": 119677.38394044, "tid": 14722541, "type": "buy"}
{"amount": 0.00042, "date": 1675902243, "price": 119654.08999999, "tid": 14722542, "type": "buy"}
{"amount": 0.00198, "date": 1675902311, "price": 119579.79, "tid": 14722543, "type": "buy"}
{"amount": 0.00423354, "date": 1675902312, "price": 119579.79, "tid": 14722544, "type": "buy"}
{"amount": 0.00423354, "date": 1675902315, "price": 119579.79, "tid": 14722545, "type": "buy"}
{"amount": 0.00423354, "date": 1675902318, "price": 119579.79, "tid": 14722546, "type": "buy"}
{"amount": 0.00423354, "date": 1675902321, "price": 119579.79, "tid": 14722547, "type": "buy"}
{"amount": 0.00423354, "date": 1675902323, "price": 119579.8, "tid": 14722548, "type": "buy"}
{"amount": 0.00423354, "date": 1675902326, "price": 119579.8, "tid": 14722549, "type": "buy"}
{"amount": 0.00450428, "date": 1675902326, "price": 119579.8, "tid": 14722550, "type": "buy"}
{"amount": 0.00423354, "date": 1675902328, "price": 119579.8, "tid": 14722551, "type": "buy"}
{"amount": 0.00423354, "date": 1675902330, "price": 119579.81, "tid": 14722552, "type": "buy"}
{"amount": 0.00423354, "date": 1675902333, "price": 119579.81, "tid": 14722553, "type": "buy"}
{"amount": 0.00423354, "date": 1675902336, "price": 119579.81, "tid": 14722554, "type": "buy"}
{"amount": 0.00423354, "date": 1675902338, "price": 119579.82, "tid": 14722555, "type": "buy"}
{"amount": 0.00423354, "date": 1675902340, "price": 119579.82, "tid": 14722556, "type": "buy"}
{"amount": 0.00423354, "date": 1675902343, "price": 119579.82, "tid": 14722557, "type": "buy"}
{"amount": 0.00423354, "date": 1675902345, "price": 119579.83, "tid": 14722558, "type": "buy"}
{"amount": 0.00125163, "date": 1675902345, "price": 119579.83, "tid": 14722559, "type": "buy"}
{"amount": 0.00423354, "date": 1675902347, "price": 119579.83, "tid": 14722560, "type": "buy"}
{"amount": 0.00423354, "date": 1675902349, "price": 119579.83, "tid": 14722561, "type": "buy"}
{"amount": 0.01474574, "date": 1675902352, "price": 119579.84, "tid": 14722562, "type": "buy"}
{"amount": 0.00423354, "date": 1675902354, "price": 119579.84, "tid": 14722563, "type": "buy"}
{"amount": 0.00427776, "date": 1675902367, "price": 119579.85, "tid": 14722564, "type": "buy"}
{"amount": 0.00423354, "date": 1675902368, "price": 119579.85, "tid": 14722565, "type": "buy"}
{"amount": 0.00423354, "date": 1675902370, "price": 119579.85, "tid": 14722566, "type": "buy"}
{"amount": 0.00423354, "date": 1675902372, "price": 119579.86, "tid": 14722567, "type": "buy"}
{"amount": 0.00423354, "date": 1675902376, "price": 119579.86, "tid": 14722568, "type": "buy"}
{"amount": 0.00423354, "date": 1675902378, "price": 119579.86, "tid": 14722569, "type": "buy"}
{"amount": 0.06807299, "date": 1675902380, "price": 119579.87, "tid": 14722570, "type": "buy"}
{"amount": 0.00836261, "date": 1675902385, "price": 119579.88, "tid": 14722571, "type": "buy"}
{"amount": 0.00423354, "date": 1675902387, "price": 119579.88, "tid": 14722572, "type": "buy"}
{"amount": 0.00250211, "date": 1675902389, "price": 119579.88, "tid": 14722573, "type": "buy"}
{"amount": 0.00423354, "date": 1675902390, "price": 119579.89, "tid": 14722574, "type": "buy"}
{"amount": 0.00423354, "date": 1675902392, "price": 119579.89, "tid": 14722575, "type": "buy"}
{"amount": 0.00423354, "date": 1675902394, "price": 119579.89, "tid": 14722576, "type": "buy"}
{"amount": 0.00423354, "date": 1675902396, "price": 119579.89, "tid": 14722577, "type": "buy"}
{"amount": 0.00423354, "date": 1675902399, "price": 119579.9, "tid": 14722578, "type": "buy"}
{"amount": 0.00423354, "date": 1675902401, "price": 119579.9, "tid": 14722579, "type": "buy"}
{"amount": 0.00047318, "date": 1675902402, "price": 119579.89999999, "tid": 14722580, "type": "sell"}
{"amount": 0.00423354, "date": 1675902404, "price": 119579.9, "tid": 14722581, "type": "buy"}
{"amount": 0.04075872, "date": 1675902406, "price": 119579.91, "tid": 14722582, "type": "buy"}
{"amount": 0.00423354, "date": 1675902413, "price": 119579.92, "tid": 14722583, "type": "buy"}
{"amount": 0.00423354, "date": 1675902415, "price": 119579.92, "tid": 14722584, "type": "buy"}
{"amount": 0.00423354, "date": 1675902417, "price": 119579.92, "tid": 14722585, "type": "buy"}
{"amount": 0.00423354, "date": 1675902419, "price": 119579.92, "tid": 14722586, "type": "buy"}
{"amount": 0.00423354, "date": 1675902422, "price": 119579.93, "tid": 14722587, "type": "buy"}
{"amount": 0.00423354, "date": 1675902424, "price": 119579.93, "tid": 14722588, "type": "buy"}
{"amount": 0.00423354, "date": 1675902426, "price": 119579.93, "tid": 14722589, "type": "buy"}
{"amount": 0.00423354, "date": 1675902428, "price": 119579.93, "tid": 14722590, "type": "buy"}
{"amount": 0.00423354, "date": 1675902430, "price": 119579.94, "tid": 14722591, "type": "buy"}
{"amount": 0.00423354, "date": 1675902432, "price": 119579.94, "tid": 14722592, "type": "buy"}
{"amount": 0.00423354, "date": 1675902434, "price": 119579.94, "tid": 14722593, "type": "buy"}
{"amount": 0.00423354, "date": 1675902436, "price": 119579.94, "tid": 14722594, "type": "buy"}
{"amount": 0.00423354, "date": 1675902438, "price": 119600.27, "tid": 14722595, "type": "buy"}
{"amount": 0.07247304, "date": 1675902438, "price": 119622.99, "tid": 14722596, "type": "buy"}
{"amount": 0.00239806, "date": 1675902444, "price": 119631.79, "tid": 14722597, "type": "buy"}
{"amount": 0.00520062, "date": 1675902450, "price": 119631.79, "tid": 14722598, "type": "buy"}
{"amount": 0.18794354, "date": 1675902455, "price": 119692.47, "tid": 14722599, "type": "buy"}
{"amount": 0.0051026, "date": 1675902465, "price": 119701.74, "tid": 14722600, "type": "buy"}
{"amount": 0.00249797, "date": 1675902473, "price": 119701.74, "tid": 14722601, "type": "buy"}
{"amount": 0.00750124, "date": 1675902477, "price": 119701.74, "tid": 14722602, "type": "buy"}
{"amount": 0.00550375, "date": 1675902489, "price": 119745.45, "tid": 14722603, "type": "buy"}
{"amount": 0.00520275, "date": 1675902496, "price": 119745.45, "tid": 14722604, "type": "buy"}
{"amount": 0.0026, "date": 1675902497, "price": 119745.45, "tid": 14722605, "type": "buy"}
{"amount": 0.00200542, "date": 1675902500, "price": 119783.39, "tid": 14722606, "type": "buy"}
{"amount": 0.0024, "date": 1675902529, "price": 119783.39, "tid": 14722607, "type": "buy"}
{"amount": 0.00220543, "date": 1675902531, "price": 119783.39, "tid": 14722608, "type": "buy"}
{"amount": 0.0024, "date": 1675902533, "price": 119783.39, "tid": 14722609, "type": "buy"}
{"amount": 0.0026, "date": 1675902535, "price": 119783.39, "tid": 14722610, "type": "buy"}
{"amount": 0.0025, "date": 1675902537, "price": 119783.39, "tid": 14722611, "type": "buy"}
{"amount": 0.0026, "date": 1675902541, "price": 119822.55697784, "tid": 14722612, "type": "buy"}
{"amount": 0.00583807, "date": 1675902541, "price": 119829.86, "tid": 14722613, "type": "buy"}
{"amount": 0.00196966, "date": 1675902544, "price": 119822.55697781, "tid": 14722614, "type": "buy"}
{"amount": 0.0024, "date": 1675902553, "price": 119819.17573021, "tid": 14722615, "type": "buy"}
{"amount": 0.0024, "date": 1675902556, "price": 119820.9980118, "tid": 14722616, "type": "buy"}
{"amount": 0.0002, "date": 1675902556, "price": 119829.86, "tid": 14722617, "type": "buy"}
{"amount": 0.0021, "date": 1675902581, "price": 119821.16641221, "tid": 14722618, "type": "buy"}
{"amount": 0.00025722, "date": 1675902581, "price": 119829.86, "tid": 14722619, "type": "buy"}
{"amount": 0.002, "date": 1675902589, "price": 119779.42360401, "tid": 14722620, "type": "buy"}
{"amount": 0.00800116, "date": 1675902589, "price": 119829.86, "tid": 14722621, "type": "buy"}
{"amount": 0.00207243, "date": 1675902590, "price": 119829.86, "tid": 14722622, "type": "buy"}
{"amount": 0.0022, "date": 1675902593, "price": 119779.25810682, "tid": 14722623, "type": "buy"}
{"amount": 0.01282471, "date": 1675902593, "price": 119799.89, "tid": 14722624, "type": "buy"}
{"amount": 2.568e-05, "date": 1675902593, "price": 119747.78968, "tid": 14722625, "type": "sell"}
{"amount": 0.0021, "date": 1675902597, "price": 119781.63941463, "tid": 14722626, "type": "buy"}
{"amount": 0.00834883, "date": 1675902597, "price": 119797.03, "tid": 14722627, "type": "buy"}
{"amount": 0.00326809, "date": 1675902648, "price": 119702.88101001, "tid": 14722628, "type": "sell"}
{"amount": 0.00041, "date": 1675902652, "price": 119773.64733572, "tid": 14722629, "type": "buy"}
{"amount": 0.0114429, "date": 1675902670, "price": 119717.41819365, "tid": 14722630, "type": "buy"}
{"amount": 0.0212897, "date": 1675902674, "price": 119783.4, "tid": 14722631, "type": "buy"}
{"amount": 0.00168612, "date": 1675902702, "price": 119777.67, "tid": 14722632, "type": "buy"}
{"amount": 0.0001254, "date": 1675902720, "price": 119747.46665579, "tid": 14722633, "type": "sell"}
{"amount": 0.00442512, "date": 1675902740, "price": 119751.33309624, "tid": 14722634, "type": "sell"}
{"amount": 0.00850024, "date": 1675902773, "price": 119777.67, "tid": 14722635, "type": "buy"}
{"amount": 9.418e-05, "date": 1675902836, "price": 119777.67, "tid": 14722636, "type": "buy"}
{"amount": 0.00041, "date": 1675902887, "price": 119766.82, "tid": 14722637, "type": "buy"}
{"amount": 0.002, "date": 1675902914, "price": 119747.28243429, "tid": 14722638, "type": "buy"}
{"amount": 1.095e-05, "date": 1675902914, "price": 119766.82, "tid": 14722639, "type": "buy"}
{"amount": 0.00737837, "date": 1675902915, "price": 119766.82, "tid": 14722640, "type": "buy"}
{"amount": 2.23e-05, "date": 1675902978, "price": 119656.47183302, "tid": 14722641, "type": "sell"}
{"amount": 0.00084, "date": 1675903037, "price": 119700.88, "tid": 14722642, "type": "buy"}
{"amount": 0.00082714, "date": 1675903046, "price": 119700.88, "tid": 14722643, "type": "buy"}
{"amount": 0.0043, "date": 1675903053, "price": 119673.01386805, "tid": 14722644, "type": "sell"}
{"amount": 0.0082, "date": 1675903053, "price": 119651.16653432, "tid": 14722645, "type": "sell"}
{"amount": 0.01228135, "date": 1675903053, "price": 119650.51458897, "tid": 14722646, "type": "sell"}
{"amount": 0.00248296, "date": 1675903160, "price": 119627.31047529, "tid": 14722647, "type": "buy"}
{"amount": 0.00041704, "date": 1675903167, "price": 119627.31047529, "tid": 14722648, "type": "buy"}
{"amount": 0.04419558, "date": 1675903167, "price": 119640.41, "tid": 14722649, "type": "buy"}
{"amount": 0.00061454, "date": 1675903185, "price": 119613.2, "tid": 14722650, "type": "buy"}
{"amount": 0.00115431, "date": 1675903201, "price": 119601.87847001, "tid": 14722651, "type": "sell"}
{"amount": 0.00050161, "date": 1675903218, "price": 119613.2, "tid": 14722652, "type": "buy"}
{"amount": 0.0101448, "date": 1675903240, "price": 119600.00005, "tid": 14722653, "type": "sell"}
{"amount": 0.00059, "date": 1675903253, "price": 119613.2, "tid": 14722654, "type": "buy"}
{"amount": 4.493e-05, "date": 1675903259, "price": 119613.2, "tid": 14722655, "type": "buy"}
{"amount": 0.0056483, "date": 1675903421, "price": 119613.2, "tid": 14722656, "type": "buy"}
{"amount": 0.00050161, "date": 1675903428, "price": 119613.2, "tid": 14722657, "type": "buy"}
{"amount": 0.00050877, "date": 1675903718, "price": 119600, "tid": 14722658, "type": "sell"}
{"amount": 0.00165377, "date": 1675903841, "price": 119613.2, "tid": 14722659, "type": "buy"}
{"amount": 0.00167205, "date": 1675903857, "price": 119613.2, "tid": 14722660, "type": "buy"}
{"amount": 0.00082775, "date": 1675904021, "price": 119613.2, "tid": 14722661, "type": "buy"}
{"amount": 0.00267462, "date": 1675904030, "price": 119642.89, "tid": 14722662, "type": "buy"}
{"amount": 0.0041, "date": 1675904076, "price": 119600.00000001, "tid": 14722663, "type": "sell"}
{"amount": 0.00657281, "date": 1675904076, "price": 119600, "tid": 14722664, "type": "sell"}
{"amount": 2.51e-05, "date": 1675904092, "price": 119600.00000001, "tid": 14722665, "type": "sell"}
{"amount": 0.00183744, "date": 1675904100, "price": 119642.89, "tid": 14722666, "type": "buy"}
{"amount": 2.474e-05, "date": 1675904101, "price": 119642.89, "tid": 14722667, "type": "buy"}
{"amount": 0.0036, "date": 1675904230, "price": 119787.54285328, "tid": 14722668, "type": "buy"}
{"amount": 0.03813992, "date": 1675904230, "price": 119789.56, "tid": 14722669, "type": "buy"}
{"amount": 2.066e-05, "date": 1675904359, "price": 119789.56, "tid": 14722670, "type": "buy"}
{"amount": 0.00163182, "date": 1675904359, "price": 119832.3589017, "tid": 14722671, "type": "buy"}
{"amount": 0.00016693, "date": 1675904402, "price": 119804.16674973, "tid": 14722672, "type": "buy"}
{"amount": 0.0045, "date": 1675904439, "price": 119748.56789142, "tid": 14722673, "type": "sell"}
{"amount": 0.012, "date": 1675904439, "price": 119748.52005001, "tid": 14722674, "type": "sell"}
{"amount": 0.0088, "date": 1675904439, "price": 119748.52005001, "tid": 14722675, "type": "sell"}
{"amount": 0.00651519, "date": 1675904439, "price": 119748.52005, "tid": 14722676, "type": "sell"}
{"amount": 0.11689641, "date": 1675904439, "price": 119600.01, "tid": 14722677, "type": "sell"}
{"amount": 0.00117139, "date": 1675904454, "price": 119811.66352813, "tid": 14722678, "type": "buy"}
{"amount": 0.00330549, "date": 1675904518, "price": 119812.51221001, "tid": 14722679, "type": "buy"}
{"amount": 0.004, "date": 1675904520, "price": 119807.32605736, "tid": 14722680, "type": "buy"}
{"amount": 0.0042883, "date": 1675904520, "price": 119807.32702958, "tid": 14722681, "type": "buy"}
{"amount": 5.199e-05, "date": 1675904529, "price": 119815.21656276, "tid": 14722682, "type": "buy"}
{"amount": 0.00113638, "date": 1675904529, "price": 119815.22428419, "tid": 14722683, "type": "buy"}
{"amount": 0.0045, "date": 1675904574, "price": 119727.80635739, "tid": 14722684, "type": "sell"}
{"amount": 0.0078, "date": 1675904574, "price": 119725.70205998, "tid": 14722685, "type": "sell"}
{"amount": 0.0166, "date": 1675904574, "price": 119725.70205997, "tid": 14722686, "type": "sell"}
{"amount": 0.01679, "date": 1675904574, "price": 119725.70089542, "tid": 14722687, "type": "sell"}
{"amount": 0.0125, "date": 1675904574, "price": 119695.24739001, "tid": 14722688, "type": "sell"}
{"amount": 0.00618071, "date": 1675904574, "price": 119695.24739, "tid": 14722689, "type": "sell"}
{"amount": 0.04716299, "date": 1675904574, "price": 119617, "tid": 14722690, "type": "sell"}
{"amount": 0.0044, "date": 1675904619, "price": 119734.27707749, "tid": 14722691, "type": "buy"}
{"amount": 0.0086, "date": 1675904619, "price": 119769.02739491, "tid": 14722692, "type": "buy"}
{"amount": 0.0113, "date": 1675904619, "price": 119789.76776898, "tid": 14722693, "type": "buy"}
{"amount": 0.01604, "date": 1675904619, "price": 119846.70292236, "tid": 14722694, "type": "buy"}
{"amount": 0.0181, "date": 1675904619, "price": 119846.98980434, "tid": 14722695, "type": "buy"}
{"amount": 0.00851486, "date": 1675904619, "price": 119849.11351096, "tid": 14722696, "type": "buy"}
{"amount": 0.00292697, "date": 1675904710, "price": 119753.23928447, "tid": 14722697, "type": "buy"}
{"amount": 0.00208928, "date": 1675904823, "price": 119658.3630133, "tid": 14722698, "type": "buy"}
{"amount": 0.00058205, "date": 1675904906, "price": 119600, "tid": 14722699, "type": "sell"}
{"amount": 4.054e-05, "date": 1675904922, "price": 119636.22186227, "tid": 14722700, "type": "buy"}
{"amount": 0.00027149, "date": 1675905062, "price": 119600.01, "tid": 14722701, "type": "buy"}
{"amount": 0.0088, "date": 1675905229, "price": 119600.00000001, "tid": 14722702, "type": "sell"}
{"amount": 0.0038, "date": 1675905229, "price": 119600.00000001, "tid": 14722703, "type": "sell"}
{"amount": 0.00012733, "date": 1675905229, "price": 119600, "tid": 14722704, "type": "sell"}
{"amount": 4.138e-05, "date": 1675905234, "price": 119599.99, "tid": 14722705, "type": "sell"}
{"amount": 0.13540466, "date": 1675905257, "price": 119600, "tid": 14722706, "type": "buy"}
{"amount": 0.00986911, "date": 1675905257, "price": 119600.02, "tid": 14722707, "type": "buy"}
{"amount": 0.00526823, "date": 1675905260, "price": 119600.02, "tid": 14722708, "type": "buy"}
{"amount": 0.00379772, "date": 1675905332, "price": 119600, "tid": 14722709, "type": "buy"}
{"amount": 0.00030518, "date": 1675905383, "price": 119599.99999999, "tid": 14722710, "type": "sell"}
{"amount": 0.00379772, "date": 1675905402, "price": 119600, "tid": 14722711, "type": "buy"}
{"amount": 8.361e-05, "date": 1675905413, "price": 119600, "tid": 14722712, "type": "buy"}
{"amount": 0.00040702, "date": 1675905451, "price": 119600, "tid": 14722713, "type": "buy"}
{"amount": 0.00379772, "date": 1675905470, "price": 119600, "tid": 14722714, "type": "buy"}
{"amount": 0.00030482, "date": 1675905515, "price": 119644.26, "tid": 14722715, "type": "buy"}
{"amount": 0.00046868, "date": 1675905577, "price": 119644.26, "tid": 14722716, "type": "buy"}
{"amount": 0.00046868, "date": 1675905580, "price": 119644.26, "tid": 14722717, "type": "buy"}
{"amount": 0.00046868, "date": 1675905584, "price": 119644.26, "tid": 14722718, "type": "buy"}
{"amount": 0.00046868, "date": 1675905587, "price": 119644.26, "tid": 14722719, "type": "buy"}
{"amount": 0.00740263, "date": 1675905590, "price": 119644.26, "tid": 14722720, "type": "buy"}
{"amount": 0.00046868, "date": 1675905591, "price": 119644.26, "tid": 14722721, "type": "buy"}
{"amount": 0.00046868, "date": 1675905593, "price": 119644.26, "tid": 14722722, "type": "buy"}
{"amount": 0.00046868, "date": 1675905595, "price": 119644.26, "tid": 14722723, "type": "buy"}
{"amount": 0.00046868, "date": 1675905597, "price": 119644.26, "tid": 14722724, "type": "buy"}
{"amount": 0.00046868, "date": 1675905599, "price": 119644.26, "tid": 14722725, "type": "buy"}
{"amount": 0.00046868, "date": 1675905602, "price": 119644.26, "tid": 14722726, "type": "buy"}
{"amount": 0.00046868, "date": 1675905610, "price": 119650, "tid": 14722727, "type": "buy"}
{"amount": 0.00054945, "date": 1675905610, "price": 119703.89, "tid": 14722728, "type": "buy"}
{"amount": 0.00016198, "date": 1675905663, "price": 119647.2587, "tid": 14722729, "type": "sell"}
{"amount": 0.00010066, "date": 1675905684, "price": 119636.27897719, "tid": 14722730, "type": "sell"}
{"amount": 0.0039, "date": 1675905779, "price": 119703.88999999, "tid": 14722731, "type": "buy"}
{"amount": 0.03288735, "date": 1675905779, "price": 119703.89, "tid": 14722732, "type": "buy"}
{"amount": 0.0038, "date": 1675905785, "price": 119713.51999999, "tid": 14722733, "type": "buy"}
{"amount": 0.00143763, "date": 1675905785, "price": 119713.52, "tid": 14722734, "type": "buy"}
